3750 6217
333 755 411 821 ²14
537 719 987 798 AENEIDOS
1044 717 1091 791 V.
1152 745 1184 792 v.
1233 743 1324 816 atq.

326 890 485 964 Levibus
504 889 587 959 huic
606 887 722 958 hamis
741 899 940 958 consertam
960 909 1118 978 auroque
1135 887 1287 957 trilicem

326 1008 518 1096 Loricam,
543 1028 654 1097 quarn
674 1001 855 1074 Demoleo
876 1000 1071 1070 detraxerat
1090 1003 1167 1095 ipse

327 1123 456 1195 Victor
475 1120 574 1215 apud
594 1118 760 1213 rapidum
782 1116 967 1186 Simoenta
984 1116 1050 1188 sub
1072 1117 1142 1188 llio
1162 1121 1255 1208 alto,

325 1239 449 1309 Donat
468 1236 596 1306 habere
616 1235 717 1322 viro,
739 1235 849 1304 decus
869 1251 904 1303 et
922 1247 1084 1302 tutamen
1104 1234 1141 1302 in
1162 1238 1276 1306 annis.

325 1353 403 1423 Vix
423 1355 523 1423 illam
544 1350 672 1421 famuli
694 1350 854 1447 Phegeus
873 1347 1080 1446 Sagarisque
1100 1348 1258 1422 ferebant

325 1468 596 1562 Multiplicem,
622 1466 769 1538 connixi
786 1464 944 1535 humeris
965 1493 972 1531 :
1002 1464 1151 1538 indutus
1169 1486 1204 1537 at
1224 1467 1316 1537 olim

324 1585 527 1655 Demoleos
548 1607 653 1654 cursu
671 1583 826 1676 palantis
844 1579 960 1650 Troas
977 1580 1114 1677 agebat.

325 1700 446 1770 Tertia
466 1699 564 1769 dona
584 1697 668 1769 facit
686 1697 853 1795 geminos
871 1720 916 1765 ex
935 1721 1011 1766 aere
1032 1696 1165 1769 lebetas
1183 1729 1191 1776 ;

325 1815 554 1908 Cymbiaque
572 1832 716 1911 argento
737 1810 911 1908 perfecta,
936 1827 1045 1904 atque
1064 1837 1186 1906 aspera
1206 1814 1322 1912 signis.

319 1931 478 2024 Jamque
498 1929 589 2001 adeo
611 1929 736 1999 donati
758 1952 906 2016 omnes,
929 1928 1134 2023 opibusque
1155 1930 1323 2025 superbi,

325 2046 487 2118 Puniceis
506 2045 609 2116 ibant
626 2045 755 2117 evincti
776 2063 940 2139 tempora
959 2045 1103 2116 taeniis:

323 2161 455 2266 Quom
474 2187 578 2234 saevo
598 2187 618 2231 e
639 2162 793 2255 scopulo
814 2161 930 2230 multa
948 2159 1008 2228 rix
1028 2179 1099 2232 arte
1120 2161 1299 2252 revolsus,

322 2276 473 2350 Amissis
490 2276 621 2367 remis,
643 2295 750 2370 atque
771 2275 896 2346 ordine
917 2274 1047 2347 debilis
1068 2301 1163 2366 uno,

324 2394 477 2466 Inrisam
498 2395 573 2465 sine
591 2395 733 2464 honore
752 2411 865 2464 ratem
881 2392 1058 2489 Sergestus
1076 2393 1210 2491 agebat.

325 2508 455 2613 Qualis
476 2534 582 2605 saepe
598 2511 675 2581 viae
693 2509 889 2604 deprensus
909 2510 947 2577 in
968 2533 1090 2607 aggere
1110 2534 1269 2602 serpenS,

322 2623 434 2696 Aerea
452 2651 563 2719 quem
586 2626 782 2718 obliquom
800 2642 876 2697 rota
894 2626 1051 2712 transiit,
1074 2643 1134 2696 aut
1151 2626 1262 2722 gravis
1280 2626 1353 2697 ictu

323 2740 550 2812 Seminecem
569 2743 676 2836 liquit
694 2765 779 2812 saxo
801 2744 1029 2833 lacerumque
1047 2743 1180 2830 viator,

322 2857 583 2949 Nequidquam
601 2860 734 2955 longos
754 2854 894 2955 fugiens
913 2857 975 2926 dat
993 2883 1142 2950 corpore
1160 2872 1294 2937 tortus;

319 2973 422 3044 Parte
442 2973 564 3063 serore,
588 2973 788 3067 ardensque
807 2974 941 3060 oculis,
966 2990 999 3043 ct
1020 2972 1122 3044 sibila
1142 2974 1237 3044 colla

318 3088 462 3162 Arduus
482 3089 685 3171 adtollens;
708 3114 789 3185 pars
807 3091 953 3160 volnere
975 3089 1103 3161 clauda
1123 3105 1272 3159 retentat

318 3204 522 3276 Nexantem
541 3206 674 3295 nodis,
699 3230 810 3298 seque
832 3208 867 3274 in
887 3231 950 3277 sua
970 3205 1135 3276 membra
1152 3206 1357 3299 plicantem.

319 3312 403 3389 Tali
424 3321 573 3416 remigio
596 3321 693 3392 navis
714 3346 750 3392 se
770 3321 867 3390 tarda
886 3321 1080 3391 movebat:

321 3433 415 3504 Vela
432 3433 514 3505 facit
533 3454 677 3523 tamen,
700 3452 734 3506 et
750 3437 839 3506 velis
858 3435 953 3506 subit
974 3438 1061 3506 ostia
1082 3439 1208 3530 plenis.

304 3548 519 3646 ,Sergestum
539 3549 678 3623 Aeneas
697 3552 878 3646 promisso
900 3577 1048 3621 munere
1069 3551 1205 3638 donat,

319 3662 500 3738 Servatam
519 3666 569 3738 ob
589 3690 718 3737 navem
738 3668 850 3737 laetus
871 3667 1062 3759 sociosque
1080 3667 1253 3737 reductos.

319 3783 398 3853 Olli
416 3808 511 3855 serva
529 3785 654 3871 datur,
677 3808 828 3877 operum
847 3781 945 3851 haud
965 3783 1082 3879 ignara
1101 3782 1303 3872 Minervae,

320 3897 444 3970 Cressa
462 3926 573 3998 genus
595 3901 754 3989 Pholoe,
776 3900 983 3996 geminique
1001 3899 1067 3969 sub
1087 3899 1194 3969 ubere
1212 3903 1295 3970 nati.

377 4013 459 4084 Hoc
480 4018 562 4108 pius
584 4015 722 4085 Aeneas
741 4016 853 4086 rnisso
875 4016 1066 4085 certamine
1086 4016 1201 4087 tendit

321 4126 558 4200 Gramineum
578 4131 616 4199 in
636 4156 829 4226 campum,
854 4156 965 4223 quern
984 4132 1139 4202 collibus
1160 4133 1325 4226 undique
1342 4133 1455 4205 curvis

322 4243 524 4342 Cingebant
544 4246 651 4317 silvae
674 4275 681 4314 :
712 4247 905 4339 mediaque
926 4248 965 4317 in
982 4249 1074 4317 valle
1093 4249 1216 4319 theatri

320 4355 443 4430 Circus
462 4381 549 4452 erat,
572 4388 647 4455 quo
669 4386 706 4433 se
726 4364 851 4435 multis
870 4389 954 4433 cum
975 4364 1139 4434 millibus
1158 4366 1261 4434 heros

319 4474 502 4548 Consessu
521 4479 687 4548 medium
707 4480 807 4567 tulit,
827 4499 1080 4572 exstructoque
1099 4479 1237 4550 resedit.

319 4587 411 4682 Hic,
430 4593 501 4698 lqui
520 4591 611 4668 forte
632 4595 745 4667 velint
763 4595 889 4689 rapido
908 4596 1122 4670 contendere
1142 4620 1265 4685 cursu,

420 4735 431 4838 l
