3750 6217
715 762 868 831 134
1133 730 2669 811 AENE1D081.v.681:

703 899 849 972 Aut
893 925 1103 996 super
1143 896 1457 975 Idalium
1501 916 1754 978 sacrata
1801 886 1968 972 sede
2007 893 2429 971 recondarm

704 1017 817 1086 Ne
851 1042 994 1110 qua
1035 1018 1205 1089 scire
1246 1019 1494 1111 dolos,
1538 1019 1907 1091 mediusve
1947 1040 2298 1087 occurrere
2337 1018 2585 1110 possit.

703 1132 826 1201 Tu
872 1130 1130 1201 faciem
1175 1132 1366 1203 illius
1418 1118 1710 1207 noctem
1757 1155 1913 1202 non
1953 1129 2269 1224 amplius
2306 1155 2529 1203 unam

704 1246 902 1318 Faue
944 1245 1123 1318 dolo
1149 1301 1170 1335 ,
1219 1266 1287 1318 et
1322 1268 1538 1323 notos
1584 1248 1785 1344 pueri
1828 1270 2007 1340 puer
2048 1245 2265 1314 indue
2308 1248 2547 1319 voltus
2574 1274 2595 1314 ς

705 1362 845 1450 Ut,
892 1386 1124 1455 quom
1165 1382 1234 1433 te
1285 1366 1556 1461 gremio
1595 1362 1910 1456 adcipiet
1952 1359 2333 1432 laetissima
2377 1360 2615 1451 Dido,

703 1467 989 1574 Regalis
1032 1476 1210 1548 inter
1240 1502 1523 1552 mensas
1565 1480 1993 1567 laticemque
2042 1474 2366 1569 Lyaeum
2395 1518 2419 1564 ⁵

705 1590 965 1695 Quom
1002 1591 1201 1663 dabit
1234 1595 1609 1688 amplexus
1642 1611 1852 1685 atque
1891 1590 2134 1661 oscula
2168 1590 2408 1661 dulcia
2440 1590 2647 1691 figet,

705 1706 1092 1777 Occultum
1126 1706 1424 1802 inspires
1463 1710 1702 1807 ignem
1727 1760 1749 1795 ‚
1799 1704 2146 1797 fallasque
2184 1730 2489 1777 veneno,

823 1821 1025 1893 Paret
1063 1820 1292 1893 Amor
1330 1823 1537 1895 dictis
1579 1846 1771 1894 carae
1820 1820 2184 1918 genetricis
2215 1876 2237 1909 ‚
2284 1839 2356 1892 et
2392 1823 2539 1893 alas

706 1936 922 2008 Exuit
950 1990 971 2024 ‚
1018 1955 1087 2007 et
1128 1962 1363 2036 gressu
1399 1939 1714 2037 gaudens
1753 1935 2019 2007 incedit
2065 1936 2227 2007 Iuli.

705 2049 802 2122 At
845 2048 1097 2123 Venus
1136 2051 1443 2124 Ascanio
1492 2053 1852 2149 placidam
1898 2075 2026 2145 per
2067 2053 2393 2125 membra
2436 2055 2753 2147 quietem

707 2166 975 2261 Inrigat
1001 2219 1021 2254 ‚
1073 2184 1141 2236 et
1185 2165 1423 2238 fotum
1475 2169 1745 2265 gremio
1790 2166 1925 2237 dea
1968 2167 2163 2238 tollit
2202 2168 2279 2237 in
2324 2170 2513 2241 altos

707 2280 977 2350 Idaliae
1015 2281 1217 2351 lucos
1263 2309 1278 2349 :
1339 2283 1467 2354 ubi
1507 2284 1755 2355 mollis
1795 2306 2156 2354 amaracus
2195 2284 2407 2355 illum

705 2394 1039 2475 Floribus
1079 2413 1147 2466 et
1186 2397 1379 2468 dulci
1416 2398 1782 2493 adspirans
1822 2397 2298 2491 conplectitur
2336 2399 2610 2472 umbra.

697 2510 1010 2604 Jamque
1057 2508 1206 2583 ibat
1245 2512 1438 2584 dicto
1476 2538 1773 2607 parens,
1831 2530 1902 2585 et
1946 2512 2138 2583 dona
2182 2512 2479 2608 Cupido

704 2616 924 2724 Regia
959 2626 1289 2720 portabat
1329 2628 1603 2722 Tyriis,
1649 2629 1828 2700 duce
1881 2630 2101 2699 laetus
2146 2626 2432 2700 Achate.

706 2739 965 2847 Quom
1001 2741 1198 2814 venit
1226 2797 1247 2832 ‚
1302 2745 1565 2816 aulaeis
1600 2746 1753 2841 jam
1806 2768 1880 2816 se
1918 2743 2155 2841 regina
2191 2744 2513 2837 superbis

707 2855 935 2928 Aurea
978 2859 1368 2952 conposuit
1414 2859 1739 2954 sponda,
1788 2858 2254 2951 mediamque
2302 2860 2578 2931 locavit.

812 2971 978 3061 Jam
1018 2990 1215 3069 pater
1246 2970 1522 3047 Aeneas
1545 3028 1565 3064 ‚
1615 2993 1687 3047 et
1720 2976 1874 3073 jam
1914 2972 2227 3044 Troiana
2256 2976 2596 3071 juventus

708 3086 1216 3177 Conveniunt,
1271 3107 1630 3183 stratoque
1683 3115 1894 3184 super
1942 3089 2414 3160 discumbitur
2464 3107 2677 3161 ostro.

709 3201 905 3274 Dant
945 3200 1201 3274 famuli
1241 3205 1578 3277 manibus
1621 3205 1996 3299 lymphas,
2043 3202 2517 3298 Cereremque
2552 3205 2869 3279 canistris

707 3317 1169 3411 Expediunt‚
1214 3319 1587 3412 tonsisque
1636 3318 1870 3390 ferunt
1920 3318 2258 3390 mantelia
2305 3320 2515 3391 villis.

711 3431 1256 3537 Quinquaginta
1291 3435 1485 3505 intus
1522 3433 1834 3505 famulae
1882 3458 1897 3503 ε
1960 3433 2226 3528 quibus
2260 3434 2510 3506 ordine
2549 3437 2777 3536 longo

710 3545 897 3618 Cura
931 3572 1208 3642 penum
1245 3566 1500 3620 struere
1527 3603 1548 3637 ,
1603 3567 1670 3619 et
1703 3548 2017 3621 flammis
2056 3549 2341 3621 adolere
2377 3549 2677 3624 Penatis.

711 3660 1026 3735 Centum
1062 3660 1241 3734 aliae
1265 3710 1284 3745 ,
1336 3665 1792 3757 totidemque
1841 3687 2044 3759 pares
2089 3682 2308 3737 aetate
2346 3665 2699 3757 ministri,

709 3776 862 3882 Qui
913 3778 1225 3874 dapibus
1266 3804 1549 3853 mensas
1591 3798 1889 3851 onerent
1918 3834 1939 3869 ‚
1995 3798 2066 3873 et
2101 3782 2367 3876 pocula
2411 3798 2709 3874 ponant.

725 3908 758 3956 ι.
797 3924 810 3936 ff
1378 3923 1381 3924 f
