3750 6217
396 697 1309 801 esoucrcourrt5m·

235 869 339 946 Casta
360 871 574 965 pudicitiam
594 892 705 945 servat
724 872 857 945 domus
884 901 892 941 τ
922 873 1030 943 ubera
1049 896 1175 943 vaccae

235 989 363 1060 Lactea
383 987 600 1059 demittunt:
630 991 855 1086 pinguesque
873 989 911 1057 in
931 990 1089 1086 gramine
1108 990 1202 1057 lacto

235 1105 332 1176 Inter
349 1128 385 1174 se
404 1103 556 1174 adversis
575 1107 751 1175 luctantur
770 1103 938 1174 comibus
958 1103 1074 1173 haedi.

218 1214 320 1314 'Ipse
338 1218 415 1290 dies
434 1219 540 1316 agitat
558 1218 668 1291 festos
689 1249 697 1288 ε
727 1217 900 1311 fususque
918 1243 981 1312 per
998 1218 1169 1307 herbam,

235 1335 336 1433 Ignis
353 1332 417 1402 ubi
437 1334 472 1403 in
490 1334 642 1423 medio,
665 1354 700 1406 et
720 1334 808 1405 socii
829 1351 956 1403 cratera
976 1346 1166 1422 coronant,

234 1440 313 1537 Te,
337 1447 473 1536 libans,
494 1447 655 1539 Lenaee,
675 1469 804 1520 vocat:
834 1449 1046 1543 pecorisque
1063 1447 1239 1545 magistris

234 1562 383 1637 Velocis
396 1565 505 1661 jaculi
526 1567 715 1636 certamina
736 1565 843 1657 ponit
862 1565 899 1634 in
920 1565 1045 1643 ulmo;

234 1681 469 1775 Corporaque
491 1680 613 1776 agresti
630 1680 743 1751 nudat
760 1679 933 1773 praedura
953 1682 1167 1773 palaestrae.¹

234 1795 338 1866 Hanc
356 1797 446 1866 olim
466 1815 599 1866 veteres
618 1796 731 1867 vitam
752 1796 892 1866 coluere
913 1793 1055 1865 Sabini:

234 1910 338 1981 Hanc
355 1910 512 1999 Remus,
537 1928 573 1980 et
592 1909 714 1982 frater:
738 1908 909 1983 sicfortis
926 1909 1062 1980 Etruria
1082 1911 1188 1980 crevit
1203 1937 1212 1977 r

234 2025 374 2097 Scilicet
391 2044 427 2096 et
447 2050 563 2094 rerum
584 2023 673 2096 facta
692 2045 744 2098 est
762 2025 1001 2120 pulcherrima
1020 2022 1158 2112 Roma,
1204 2082 1206 2087 .

233 2140 453 2236 Septemque
472 2160 543 2210 una
562 2140 629 2213 sibi
650 2166 755 2211 muro
776 2138 1011 2212 circumdedit
1031 2164 1134 2211 arces.

232 2256 327 2329 Ante
345 2258 453 2327 etiam
472 2275 650 2350 sceptrum
671 2256 808 2329 Dictaei
825 2254 933 2354 regis,
955 2273 991 2328 et
1009 2275 1091 2328 ante

233 2371 341 2468 Inpia
359 2396 470 2465 quam
490 2371 598 2443 caesis
615 2396 701 2469 gens
724 2392 776 2444 est
796 2373 937 2465 epulata
953 2372 1135 2468 juvencis,

233 2486 371 2558 Aureus
390 2486 482 2557 hanc
500 2486 611 2557 vitam
633 2489 670 2560 in
691 2489 787 2559 terris
807 2485 975 2557 Saturnus
995 2486 1130 2584 agebat.

235 2600 402 2673 Necdum
422 2602 530 2673 etiam
550 2602 733 2675 audierant
752 2601 865 2672 inflari
884 2601 1054 2691 classica,
1074 2601 1231 2673 necdum

237 2717 421 2811 Inpositos
442 2717 540 2788 duris
560 2719 726 2811 crepitare
745 2716 937 2787 incudibus
955 2741 1065 2789 enses

235 2829 305 2902 Sed
325 2855 394 2902 nos
412 2832 619 2902 inmensum
641 2833 764 2925 spatiis
782 2829 1006 2902 confecimus
1026 2856 1176 2923 aequor:

235 2944 282 3017 Et
296 2948 374 3044 jam
391 2963 538 3038 tempus
556 2942 691 3038 equdm
711 2945 887 3020 fumantia
907 2947 1045 3017 solvere
1065 2946 1169 3014 colla.

436 3142 451 3173 ἢ

1393 726 1440 799 73
