3750 6217
377 685 457 762 att
555 677 1409 757 AENEIDosv11.v.1to.

368 851 525 942 Jamque
543 848 607 920 iter
619 847 782 939 emensi,
802 848 905 921 turris
928 871 968 923 ac
989 865 1080 920 tecta
1096 846 1312 919 Latinonrm

372 963 494 1050 Ardua
512 965 701 1034 cernebant
716 964 883 1060 juvenes,
903 987 1084 1056 muroque
1104 962 1281 1050 subibant

371 1079 466 1152 Ante
484 1079 609 1150 urbem
632 1079 755 1173 pueri,
777 1099 812 1151 et
828 1079 1013 1172 primaevo
1039 1076 1127 1150 flore
1138 1081 1330 1175 juventus,

370 1196 586 1284 Exercentur
606 1194 726 1287 equis,
749 1195 1005 1287 domitantque
1030 1196 1068 1264 in
1089 1197 1235 1288 pulvere
1258 1217 1401 1281 currus:

370 1311 446 1390 Aut
464 1313 551 1400 acris
571 1309 728 1397 tendunt
751 1335 871 1398 arcus,
896 1328 959 1380 aut
982 1312 1078 1381 lenta
1098 1310 1234 1384 lacertis

371 1424 515 1522 Spicula
537 1444 795 1517 contorquent,
821 1449 997 1517 cursuque
1017 1425 1163 1519 ictuque
1183 1427 1367 1509 lacessunt

372 1540 500 1646 Quom
524 1561 728 1636 praevectus
752 1566 849 1636 equo
873 1542 1037 1638 longaevi
1058 1540 1146 1640 regis
1167 1541 1213 1612 ad
1235 1540 1328 1622 auris

370 1656 531 1732 Nuntius
550 1656 703 1756 ingentis
726 1659 849 1756 ignota¹
871 1656 909 1740 in
926 1676 1024 1728 veste
1045 1675 1202 1750 reportat

370 1770 567 1858 Advenisse
587 1773 693 1844 viros.
734 1773 795 1846 ille
819 1773 908 1856 intra
930 1789 1022 1843 tecta
1040 1774 1158 1843 vocari

370 1889 554 1983 Imperat,
577 1905 612 1960 et
632 1888 725 1960 solio
746 1888 888 1960 medius
911 1889 1074 1964 consedit
1093 1889 1201 1989 avito,

370 2003 527 2074 Tectum
546 2020 759 2102 augustum,
784 2005 933 2103 ingens,
961 2021 1105 2075 centum
1129 2004 1284 2083 sublime
1304 2005 1504 2094 columnis,

369 2118 466 2206 Urbe
486 2117 555 2191 fuit
575 2143 740 2207 summa,
762 2119 946 2203 Laurentis
965 2120 1056 2217 regia
1077 2119 1173 2208 Pici,
1268 2214 1270 2218 Ι

369 2235 603 2313 Horrendurn
624 2234 723 2308 silvis
741 2255 776 2307 et
796 2235 969 2336 religione
987 2254 1187 2329 parentum.

369 2346 440 2423 Hic
464 2367 597 2444 sceptra
619 2350 804 2445 adcipere,
825 2369 861 2430 et
877 2350 1017 2444 primns
1034 2349 1206 2422 adtollere
1226 2349 1337 2424 fasces

368 2465 529 2565 Regibus
553 2489 663 2536 omen
684 2486 779 2560 erat:
807 2467 907 2538 hocc'
931 2466 1001 2537 illis
1021 2465 1114 2537 curia
1133 2470 1341 2562 templum,

369 2581 449 2654 Hae
471 2581 573 2654 sacris
596 2581 698 2654 sedes
719 2583 837 2677 epulis
863 2609 875 2654 r.
900 2575 957 2652 hic
977 2583 1080 2653 ariete
1100 2607 1202 2655 caeso

369 2698 555 2792 Perpetuis
577 2699 674 2770 soliti
693 2715 810 2793 patres
833 2697 1016 2786 considere
1037 2699 1180 2770 mensis.

369 2813 473 2922 Quin
497 2812 604 2893 etiam
619 2831 779 2886 veterum
797 2813 928 2912 effigies
945 2837 990 2885 ex
1006 2812 1132 2907 ordine
1151 2838 1300 2890 avorum

368 2931 529 3025 Antiqua
551 2955 571 3000 e
596 2930 700 3002 cedro
717 2961 727 3010 ;
746 2929 953 3023 Ital-usque,
975 2947 1150 3024 paterque
1170 2927 1322 3004 Sabinus

368 3047 561 3135 Vitisator,
585 3069 728 3122 curvam
748 3070 886 3120 servans
906 3047 972 3118 sub
991 3044 1145 3146 imagine
1164 3044 1316 3137 falcem,
1360 3079 1363 3088 ·

369 3161 610 3253 Saturnusque
635 3185 764 3251 senex,
781 3161 936 3254 Janique
959 3161 1125 3235 bifrontis
1144 3163 1283 3259 imago,

368 3271 566 3365 Ve'stibulo,
585 3276 770 3348 adstabant
792 3305 800 3344 ι
830 3278 963 3370 aliique
985 3277 1030 3347 ab
1057 3277 1192 3374 origine
1213 3302 1329 3375 reges,

368 3391 496 3464 Martia
516 3389 578 3482 qui
601 3391 650 3461 ob
670 3392 820 3486 patriam
840 3393 1037 3490 pugnando
1060 3395 1205 3465 volnera
1224 3393 1330 3486 passi.

368 3507 559 3610 Multaque
581 3525 756 3599 praeterea
775 3509 878 3580 sacris
895 3509 933 3578 in
949 3509 1115 3603 postibus
1139 3534 1255 3598 arma,

369 3622 515 3717 Captivi
533 3622 696 3716 pendent
716 3647 857 3710 currus,
880 3649 1078 3716 curvaeque
1099 3649 1257 3712 secures,

368 3738 416 3812 Et
430 3739 553 3814 cristae
568 3739 748 3833 capitum,
772 3758 808 3810 et
829 3759 1013 3834 portarum
1035 3740 1191 3838 ingentia
1210 3741 1381 3829 claustra,

368 3853 610 3949 Spiculaque,
640 3855 843 3949 clipeique,
867 3875 1059 3952 ereptaque
1084 3874 1194 3928 rostra
1214 3856 1347 3936 carinis

367 3971 452 4065 Ipse
472 3968 651 4074 Quirinali
669 3971 779 4061 lituo„
802 3997 981 4066 parvaque
1003 3971 1150 4056 sedebat

368 4083 575 4157 Succinctus
595 4085 735 4175 trabea,
757 4087 928 4181 laevaque
952 4089 1065 4165 ancile
1088 4086 1231 4186 gerebat

368 4199 494 4289 Picus,
513 4197 649 4292 equom
668 4201 828 4272 domitor
853 4231 862 4271 ι
890 4229 1002 4297 quem
1025 4222 1127 4300 capta
1149 4204 1320 4297 cupidine
1344 4208 1505 4305 conjunx

366 4315 480 4388 Aurea
498 4340 705 4409 percussum
725 4318 843 4416 virga,
865 4344 1081 4414 versumque
1099 4320 1267 4408 venenis,

366 4428 467 4500 Fecit
486 4456 590 4501 avem
614 4431 740 4520 Circe,
765 4437 962 4530 sparsitque
985 4436 1168 4507 coloribus
1186 4437 1267 4507 alas.

366 4544 450 4646 Tali
474 4547 570 4648 intras
594 4550 736 4643 templo
761 4548 884 4622 divbm
907 4553 1092 4646 patriaque
1115 4548 1269 4648 Latinus,
1368 4613 1371 4619 .
1395 4622 1397 4628 ,
1440 4613 1442 4618 .
