3750 6217
392 762 1254 858 ·A·ENE1DOSX11.v.o‹23.
1359 786 1438 859 409

229 934 387 1006 Talibus·
402 935 552 1006 occurrit
568 926 673 1003 dictis
694 960 701 1001 :
732 929 834 1018 Hac,
858 922 1002 1022 Turne,
1026 958 1218 1026 sequamur

229 1052 470 1149 Troiugenas,
494 1075 565 1143 qua
584 1049 700 1143 prima
719 1049 816 1117 viam
836 1048 983 1118 victoria
1002 1048 1152 1143 pandit:

231 1167 321 1238 Sunt
341 1166 421 1254 alii,
448 1165 511 1259 qui
532 1180 622 1235 tecta
643 1188 755 1233 manu
775 1160 965 1233 defendere
983 1166 1136 1258 possint.

232 1282 370 1381 Ingruit
387 1280 524 1351 Aeneas
546 1281 668 1367 Italis,
695 1297 729 1351 et
753 1279 890 1373 proelia
912 1280 1059 1351 miscet:

233 1400 279 1471 Et
298 1422 366 1469 nos
388 1422 488 1469 saeva
506 1422 617 1466 manu
637 1396 824 1465 mittamus
841 1390 965 1465 funera
985 1396 1140 1467 Teucris.

233 1514 308 1584 Nec
329 1538 479 1583 numero
502 1512 665 1602 inferior,
690 1536 832 1609 pugnae
853 1535 919 1581 nec
940 1511 1077 1581 honore
1096 1511 1248 1584 recedes.

235 1625 380 1699 Turnus
399 1628 443 1698 ad
465 1630 573 1699 haec:

230 1747 270 1816 0
292 1768 413 1832 soror,
437 1761 471 1813 et
491 1744 632 1813 dudum
652 1730 830 1840 adgnovi,
858 1760 973 1835 quom
989 1744 1107 1837 prima
1125 1768 1189 1836 per
1209 1758 1319 1813 artem

234 1860 391 1931 Foedera
414 1860 586 1947 turbasti,
609 1878 718 1953 teque
741 1860 824 1929 haec
847 1859 883 1928 in
905 1860 1000 1928 bella
1021 1858 1173 1930 dedisti:

236 1972 282 2047 Et
306 2000 402 2045 nunc
423 1976 671 2069 nequidquam
693 1974 786 2045 fallis
809 1974 883 2043 dea.
927 1974 989 2044 sed
1014 1974 1095 2068 quis
1118 1974 1284 2069 Olympo

238 2091 440 2162 Demissam
463 2110 581 2162 tantos
601 2091 718 2161 voluit
737 2110 770 2161 te
792 2088 878 2161 ferre
899 2089 1070 2161 labores?

239 2207 295 2277 An
319 2204 429 2277 fratris
452 2207 570 2278 miseri
592 2209 703 2277 letum
724 2221 764 2276 ut
786 2205 927 2277 cnrdele
947 2204 1115 2277 videres?

237 2323 332 2392 Nam
353 2323 445 2414 quid
465 2347 531 2419 ago
552 2323 568 2389 ?
594 2339 654 2390 aut
670 2322 851 2414 quaejam
871 2321 1028 2411 spondet
1042 2321 1186 2390 fortuna
1204 2320 1383 2391 salutem?

239 2437 329 2508 Vidi
348 2439 474 2506 oculos
490 2452 571 2505 ante
590 2435 666 2528 ipse
682 2458 785 2503 meos
806 2457 865 2502 me
883 2458 973 2502 voce
993 2450 1183 2503 vocantem

240 2549 500 2637 Murrhanum,
527 2574 601 2640 quo
623 2572 700 2619 non
721 2561 859 2641 superat
883 2548 973 2617 milri
994 2548 1104 2619 carior
1118 2550 1225 2637 alter,

239 2656 421 2761 ¹Oppetere
445 2666 651 2774 ingentem,
680 2682 787 2757 atque
808 2662 944 2760 ingenti
963 2665 1108 2734 volnere
1127 2664 1273 2736 victum.

127 2864 129 2875 Ι
240 2781 385 2853 Occidit
405 2779 550 2867 infelix,
574 2805 620 2851 ne
645 2800 810 2849 nostrum
835 2778 990 2849 dedecus
1012 2778 1124 2849 Ufens

243 2896 458 2989 Adspiceret.
499 2895 628 2985 Teucri
645 2896 833 2989 potiuntur
847 2918 997 2987 corpore
1015 2912 1050 2963 et
1067 2894 1183 2965 armis.

243 3008 459 3081 Exscindine
484 3009 619 3079 domos
642 3010 706 3102 (id
727 3010 831 3080 rebus
853 3008 968 3079 defuit
986 3011 1125 3101 unum)

244 3126 420 3219 l‘erpetiar
440 3127 456 3195 ?
486 3124 606 3194 dextra
629 3150 693 3195 nec
713 3125 860 3195 Drancis
883 3124 978 3195 dicta
997 3122 1187 3195 refellam?

244 3242 358 3339 Terga
381 3240 477 3311 dabo
502 3242 517 3309 ?
548 3258 582 3309 et
603 3240 768 3311 Turnum
795 3238 991 3338 fugientem
1013 3238 1100 3310 haec
1119 3260 1207 3311 terra
1227 3228 1393 3312 videbit?

243 3357 371 3450 Usque
392 3357 531 3427 adeone
552 3358 645 3427 mori
669 3357 841 3427 miserum
863 3356 950 3427 est?
979 3380 1045 3427 vos
1070 3380 1092 3425 o
1113 3354 1203 3425 mihi
1222 3354 1348 3427 Manes

243 3474 324 3544 Este
343 3472 433 3543 boni
459 3500 465 3539 :
497 3472 673 3564 quoniam
691 3474 824 3566 superis
845 3496 961 3543 aversa
981 3474 1154 3545 voluntas.

244 3588 368 3660 Sancta
393 3589 439 3658 ad
460 3613 526 3659 vos
549 3589 691 3677 anima,
717 3606 825 3679 atque
848 3587 946 3659 istius
969 3588 1086 3659 nescia
1109 3588 1237 3681 culpae

245 3705 493 3801 Descendam,
519 3729 735 3803 magnorum
759 3703 856 3775 haud
877 3728 1056 3796 umquam
1074 3700 1244 3801 indignus
1262 3724 1423 3775 avorum.
1509 3696 1513 3701 ¹

301 3820 377 3890 Vix
402 3848 442 3890 ea
464 3819 555 3891 fatus
575 3837 667 3899 erat;
694 3818 839 3890 medios
862 3820 963 3889 volat
986 3838 1067 3888 ecce
1089 3832 1152 3911 per
1170 3816 1284 3889 hostis

246 3930 384 4005 Vectus
411 3960 507 4027 equo
533 3951 723 4027 spumante
744 3932 871 4023 Saces,
900 3932 1044 4005 adversa
1066 3932 1190 4030 sagitta

249 4049 393 4120 Saucius
421 4074 502 4137 ora,
530 4050 669 4143 ruitque
690 4052 875 4163 inplorans
899 4049 1051 4119 nomine
1069 4046 1260 4120 Tumumr

250 4166 397 4252 Turne,
424 4166 459 4233 in
483 4184 517 4235 te
539 4166 702 4259 suprema
724 4167 815 4237 salus
838 4194 844 4234 :
876 4166 1038 4235 miserere
1059 4184 1216 4237 tuorum.

249 4282 430 4351 Fulminat
455 4279 592 4351 Aeneas
615 4282 747 4367 armis,
769 4306 1000 4374 summasque
1020 4282 1175 4353 minatur

250 4397 479 4495 Dejecturum
498 4420 591 4467 arces
610 4395 763 4485 Italum,
789 4398 1003 4490 excidioque
1022 4396 1206 4469 daturums

245 4513 399 4607 Jamque
422 4512 512 4584 faces
537 4511 582 4581 ad
608 4527 698 4582 tecta
721 4514 853 4583 volant.
895 4515 933 4584 in
956 4532 990 4584 te
1012 4539 1074 4584 ora
1095 4504 1236 4605 Latini,

249 4630 294 4699 In
317 4648 351 4701 te
378 4632 504 4702 oculos
529 4628 684 4699 referunt
706 4654 714 4697 r
744 4646 879 4703 mussat
901 4654 965 4701 rex
984 4630 1063 4724 ipse
1085 4628 1255 4719 Latinus,
1319 4668 1322 4673 ·

1080 4742 1176 4814 Fff
