3750 6217
297 613 372 709 m,
489 596 1085 687 sunnruostn
1156 604 1304 687 etr

292 775 431 873 Linqui
451 765 642 875 pollutum
659 755 886 870 hospitium,
907 794 944 847 et
961 775 1044 846 ilare
1063 770 1237 873 classibus
1253 749 1415 853 Austros

292 892 389 994 Ergo
409 879 649 968 instauramus
667 891 854 985 Polydoro
875 892 1008 980 funus,
1030 910 1067 990 et
1086 887 1214 988 iugens

292 1007 483 1109 Adgeri'tur
499 1010 644 1081 t'umulo
665 1007 773 1078 tellus
797 1034 804 1073 :
836 1021 929 1079 stant
948 997 1119 1078 Manibus
1136 1022 1237 1096 arae,

294 1124 477 1197 Caeruleis
495 1124 652 1195 maestae
668 1122 765 1192 vittis
782 1133 928 1214 atraque
948 1126 1141 1217 cupressos

293 1239 342 1313 Et
359 1240 492 1339 circum
513 1238 643 1311 Iliades
663 1238 798 1310 'crinem
819 1236 865 1308 ue
882 1240 986 1309 inore
1005 1237 1155 1309 solutaer

293 1351 490 1426 Inferiinus
509 1353 636 1447 tepido
658 1353 863 1448 spumantia
880 1350 1024 1447 cymbia
1043 1354 1155 1442 lacte,

295 1468 486 1598 Sanguinis
504 1485 539 1540 et
559 1469 644 1540 satri
663 1484 831 1564 pateras.
860 1468 1097 1561 animamque
1116 1470 1282 1561 sepulcro

297 1566 528 1683 condimus,
552 1600 586 1653 et
603 1607 735 1711 magna
754 1584 966 1677 supremum
984 1597 1076 1654 v'oce
1094 1582 1241 1655 ciemus.

356 1677 470 1787 inde,
494 1673 557 1769 ubi
577 1698 693 1793 prima
714 1683 802 1768 lides
812 1699 977 1828 pelago,
1000 1700 1211 1800 placataque
1228 1700 1327 1770 venti

299 1797 398 1885 Dant
414 1813 551 1903 maria,
571 1830 605 1883 et
625 1814 707 1884 lene
726 1810 902 1905 crepitans
919 1830 1027 1884 vocat
1043 1810 1200 1883 Auster
1191 1836 1231 1882 ru
1250 1816 1385 1905 altum,

298 1908 498 2001 Deducirnt
517 1926 605 2001 socii
625 1942 754 2016 naves,
778 1932 813 1997 et
830 1926 934 1999 litora
952 1925 1137 2020 'conplent

298 2021 535 2115 Provehimur
553 2045 695 2152 porlu:
724 2061 907 2134 terraeque
924 2042 1103 2141 urbesque
1123 2029 1302 2115 recedunt

298 2157 398 2229 Sacra
416 2182 505 2229 man
495 2146 651 2230 'colitur
666 2153 791 2227 medio
812 2156 1008 2256 gratissima
1024 2133 1132 2228 teitus

299 2261 498 2344 Nereidum
517 2271 646 2360 matri,
669 2287 706 2343 et
725 2249 900 2366 Neptuno
917 2271 1082 2370 Aegaeo.

300 2364 489 2494 Quam
448 2412 532 2482 prus
552 2364 777 2477 Arcitenens,
804 2408 882 2460 oras
899 2403 936 2459 et
955 2388 1059 2459 litora
1077 2385 1214 2458 circum

300 2490 510 2593 Enantem,
535 2501 654 2613 Gyaro
675 2504 766 2574 'celsa
785 2501 1024 2597 Myconoque
1043 2500 1217 2590 revinxit,

302 2603 566 2712 inmotamqu'e
585 2597 657 2689 coli
676 2618 798 2708 dedit,
819 2622 860 2689 el
875 2634 1108 2690 contemnere
1125 2635 1264 2688 ventos.-

302 2712 424 2803 lluci
407 2730 529 2803 ireror
557 2731 643 2804 haec
664 2729 804 2805 fessos
794 2749 875 2804 tuto
895 2733 1139 2828 placidissima
1158 2750 1269 2825 portu

302 2830 461 2942 Adcipit.
503 2849 629 2947 egressi
649 2856 858 2919 veneramur
873 2847 1060 2943 Apollinis
1079 2844 1218 2917 urbem.

302 2946 381 3033 Rex
401 2960 537 3054 Anius,
560 2988 621 3035 rex
639 2963 739 3034 idem
758 2963 953 3034 hominurn
975 2962 1189 3057 Phoebique
1208 2960 1399 3057 sacerdos,

303 3057 417 3149 Vittis
437 3095 473 3149 et
490 3091 583 3151 sa'cra
598 3078 786 3151 redimitus
803 3092 969 3173 tempora
989 3083 1113 3168 lauro,

303 3190 469 3296 Occurrit
488 3215 497 3260 t
525 3212 680 3265 veterem
697 3185 879 3265 Anchisen
896 3193 1086 3292 adgnoscit
1103 3192 1273 3265 amicum.

301 3302 496 3402 Jungimus
513 3306 673 3400 hospitio
692 3306 854 3397 dextras,
880 3325 916 3378 et
934 3327 1026 3380 tecta
1047 3306 1220 3381 subimus.

306 3418 465 3513 Templa
484 3420 543 3490 dei
563 3444 648 3492 saxo
666 3422 856 3492 venerabar
876 3434 1003 3493 structa
1020 3434 1183 3495 vetustos·

306 3532 362 3605 Da
383 3534 589 3627 propriam,
607 3534 856 3629 Thymbraee,
880 3534 1036 3606 domurn
1059 3549 1068 3606 t
1098 3537 1144 3606 da
1161 3534 1309 3605 moenia
1329 3534 1453 3629 fessis,

306 3647 353 3722 Et
371 3672 502 3748 genus,
527 3666 562 3720 et
576 3665 782 3721 mansuram
802 3642 940 3720 urbem.
980 3675 1077 3721 serva
1095 3652 1202 3721 altera
1222 3647 1354 3721 Troiae

307 3762 499 3863 Pergama,
522 3761 689 3860 reliquias
709 3764 875 3836 Danarim
895 3783 1005 3858 atque
1023 3767 1162 3838 inmitis
1179 3763 1322 3837 Achilli.

307 3877 432 3983 Quem
454 3882 677 3974 sequimur?
708 3904 829 3975 quove
853 3881 901 3951 ire
917 3869 1023 3978 jubes
1044 3884 1060 3953 Ρ
1090 3872 1154 3953 ubi
1174 3906 1309 3977 ponere
1330 3881 1461 3956 sedes?

306 3991 387 4081 Da,
405 4013 525 4088 pater,
547 3997 758 4095 augurium
783 4007 892 4089 atque
912 3996 1042 4068 animis
1060 3998 1215 4068 inlabere
1235 3998 1376 4070 nostris.

363 4106 441 4178 Vix
458 4134 498 4180 ea
514 4109 606 4182 fatus
626 4121 723 4182 eram
740 4139 749 4181 ε
778 4130 927 4183 tremere
946 4113 1071 4183 omnia
1086 4114 1161 4186 visa
1177 4131 1342 4207 repente,

307 4219 549 4317 Liminaque,
572 4228 765 4321 laurusque
783 4226 862 4304 dei;
883 4245 1056 4319 totusque
1071 4229 1211 4300 moveri

306 4334 418 4409 Mons
437 4338 593 4431 circum,
614 4360 650 4414 et
668 4342 809 4441 mugire
827 4340 944 4436 adytis
962 4344 1097 4414 cortina
1113 4342 1269 4414 reclusis.

305 4443 483 4527 Submissi
504 4443 663 4551 petimus
677 4474 829 4549 terram,
853 4475 888 4529 et
905 4480 979 4529 vex
998 4456 1104 4531 fertur
1123 4458 1169 4529 ad
1188 4457 1304 4529 auris:
