3750 6217
387 717 490 829 ,rs
587 732 1032 832 Aruernos
1088 735 1168 838 xr.
1225 762 1257 808 v.
1309 758 1402 830 523.

390 898 659 992 Armorumque
679 900 774 972 dolis
791 930 800 980 3
823 925 934 995 quam
954 902 1075 974 densis
1091 900 1279 974 frondibus
1296 918 1410 976 atrum
1434 989 1437 994 ,

389 1015 498 1114 Urget
515 1014 694 1108 utrimque
711 1016 822 1094 latus;
843 1018 960 1092 tenuis
979 1041 1054 1113 quo
1073 1017 1196 1090 semita
1214 1015 1331 1104 ducit,

389 1128 642 1228 Angustaeque
660 1128 777 1202 ferunt
792 1128 909 1202 fauces
925 1131 1115 1226 aditusque
1133 1132 1291 1228 maligni.

390 1244 494 1316 Hanc
514 1269 620 1339 super
636 1245 673 1315 in
693 1246 847 1340 speculis
866 1269 1087 1341 summoque
1107 1248 1146 1318 in
1163 1246 1290 1336 vertice
1306 1248 1446 1321 montis

390 1360 558 1432 Planities
578 1360 700 1457 ignota
713 1363 806 1460 jacet
829 1414 840 1450 ,
861 1361 1002 1459 tutique
1021 1377 1199 1457 receptus:

388 1473 460 1546 Seu
480 1474 599 1545 dextra
620 1475 789 1571 laevaque
806 1476 894 1547 velis
912 1500 1090 1550 occunere
1109 1500 1251 1574 pugnae
1266 1501 1276 1560 ς

389 1589 469 1660 Sive
490 1589 615 1661 instare
629 1592 745 1688 jugis,
771 1606 806 1662 et
825 1591 968 1689 grandia
984 1592 1125 1675 volvere
1144 1616 1234 1664 saxa

389 1703 472 1776 Huc
482 1706 623 1804 juvenis
642 1723 729 1776 nota
746 1703 852 1777 fertur
868 1706 1011 1804 regione
1028 1704 1163 1777 viarum
1180 1737 1189 1786 ς

351 1841 355 1854 ·
390 1819 635 1916 Adripuitque¹
652 1823 795 1911 locum,
818 1837 854 1894 et
867 1821 963 1894 silvis
982 1821 1113 1893 insedit
1131 1821 1274 1915 iniquis

448 1935 624 2007 Velocem
645 1936 773 2007 interea
793 1921 927 2030 superis
947 1935 986 2016 in
1004 1936 1148 2009 sedibus
1165 1937 1302 2030 Opim,

390 2052 510 2124 Unam
531 2075 575 2122 ex
593 2043 788 2150 virginibus
808 2052 912 2128 sociis
930 2075 1095 2144 sacraque
1115 2067 1272 2156 caterva,

391 2165 657 2259 conpellabat,
682 2183 719 2236 et
737 2166 798 2236 has
816 2166 922 2238 tristis
944 2164 1093 2238 Latonia
1113 2189 1219 2238 voces

392 2281 465 2352 Ore
483 2281 590 2351 dabat
610 2307 618 2348 :
649 2278 815 2352 Graditur
833 2280 972 2358 bellurn
990 2282 1037 2351 ad
1056 2280 1197 2353 crudele
1217 2280 1393 2370 Camilla,

391 2396 428 2467 Ο
445 2396 561 2494 virgo,
586 2412 622 2470 et
635 2397 765 2467 nostris
784 2395 1033 2489 nequidquam
1050 2396 1202 2494 cingitur
1220 2396 1345 2484 armis,

392 2511 480 2582 Cam
498 2510 587 2580 mihi
605 2528 686 2582 ante
705 2511 799 2584 alias.
840 2513 1075 2605 nequeenim
1096 2535 1211 2583 novus
1229 2512 1295 2583 iste
1314 2509 1452 2584 Dianae

391 2624 503 2696 Venit
519 2649 642 2713 amor,
663 2625 850 2718 subitaque
867 2626 1031 2716 ,mimum
1052 2624 1242 2698 dulcedine
1259 2627 1386 2706 movit.

331 2769 335 2776 ·
391 2739 520 2812 Pulsus
538 2739 587 2811 ob
606 2739 779 2810 invidiam
797 2764 905 2837 regno
925 2743 1087 2834 viresque
1107 2741 1275 2835 superbas

391 2856 557 2926 Privenro
576 2855 723 2947 antiqua
744 2854 908 2928 Metabus
928 2879 1045 2949 quom
1065 2856 1249 2932 excederet
1263 2855 1374 2946 urbe,
1489 2917 1493 2924 ,

390 2970 598 3059 Infantem,
630 2967 770 3067 fugiens
789 2971 907 3052 media
926 2971 1016 3048 inter
1032 2955 1168 3065 proelia
1187 2970 1300 3063 belli,

390 3086 539 3159 Sustulit
553 3085 677 3181 exsilio
697 3084 889 3175 comitem,
912 3086 1106 3186 matrisque
1121 3086 1262 3160 vocarit

389 3201 551 3282 Nomine
570 3199 765 3288 Casmilae‚
787 3219 922 3276 mutata
940 3219 1062 3295 parte,
1088 3199 1289 3280 Camillam.

391 3318 408 3386 l
413 3342 496 3407 pse,
523 3316 602 3385 sinu
623 3340 704 3408 prae
726 3341 761 3386 se
780 3325 955 3410 portans,
973 3319 1055 3414 juga
1075 3318 1182 3415 longa
1201 3316 1343 3409 petebat

389 3429 559 3501 Solorum
578 3453 767 3505 nemorum
795 3458 803 3498 ι
832 3434 901 3510 tela
920 3432 1083 3523 undique
1101 3456 1201 3503 saera
1221 3431 1453 3525 premebant,

390 3547 437 3618 Et
456 3542 668 3617 circumfuso
687 3546 886 3618 volitabant
902 3547 1017 3615 milite
1035 3545 1171 3617 Volsci.

390 3661 479 3734 Ecce
497 3659 599 3758 fugae
617 3653 740 3752 medio
763 3661 913 3733 summis
933 3659 1130 3732 Amasenus
1149 3661 1334 3735 abundans

389 3777 586 3873 Spumabat
603 3777 712 3872 ripis;
731 3795 848 3849 tantus
866 3802 901 3848 se
923 3776 1080 3848 nubibus
1101 3775 1215 3850 imber

390 3894 554 3986 Ruperat
594 3893 675 3980 ille,
698 3893 817 3964 innare
836 3918 981 3986 parans,
1005 3890 1149 3964 infantis
1169 3917 1294 3972 amore¹

390 4007 584 4095 Tardatur,
606 4032 760 4100 caroque
782 4007 879 4078 oneri
897 4009 1009 4090 timet.
1056 4008 1177 4079 omnia
1197 4032 1318 4079 secum

390 4122 425 4190 V
429 4124 553 4193 ersanti
574 4121 692 4196 subito
713 4123 774 4191 vix
792 4124 877 4194 haec
898 4124 1070 4215 sententia
1090 4122 1187 4195 sedit.

389 4236 523 4306 Telum
544 4237 710 4324 inmane,
738 4262 850 4316 manu
867 4238 984 4306 valida
1006 4239 1111 4330 quod
1130 4236 1218 4310 forte
1239 4237 1379 4335 gerebat

389 4351 561 4439 bellator,
591 4351 749 4425 solidum
769 4352 876 4423 nodis
895 4372 930 4422 et
947 4353 1074 4424 robore
1092 4372 1195 4425 cocto
1214 4384 1223 4438 i

387 4466 482 4537 Huic
502 4485 641 4554 natam,
668 4467 760 4545 libro
782 4485 816 4538 et
837 4467 983 4539 silvestri
1004 4469 1127 4540 subere
1147 4470 1325 4563 clausam,

387 4583 566 4680 Inplicat‚
589 4601 694 4675 atque
713 4582 870 4652 habilem
890 4582 1030 4660 mediae
1050 4585 1266 4683 circumligat
1285 4587 1429 4658 hastae:
