3750 6217
365 763 442 848 294
529 724 978 814 nunninus
1035 719 1178 810 ¹Vlll.
1236 753 1271 806 v.
1324 751 1415 829 259⁶

360 895 529 1000 Concipit
546 905 583 975 in
605 904 747 975 nodum
767 907 990 999 conplexus,
1017 922 1052 974 et
1074 903 1172 998 augit
1194 883 1377 972 inhaerens

361 1022 479 1094 Elisos
501 1022 647 1108 oculos,
670 1038 706 1091 et
724 1021 858 1092 siccum
879 1019 1052 1118 sanguiue
1072 1037 1201 1117 gtrttur.

362 1136 534 1210 Panditur
553 1138 736 1229 externplo
756 1134 892 1207 foribus
910 1132 1045 1207 domus
1064 1152 1136 1205 atra
1155 1130 1324 1204 revolsis:

361 1247 637 1344 Abstractaeque
658 1249 792 1340 boves,
814 1241 1065 1349 abjurataeque
1082 1249 1227 1343 rapinae

363 1365 482 1438 Coelo
504 1367 758 1457 ostenduntur,
782 1367 1013 1461 pedibusque
1034 1364 1187 1436 informe
1205 1361 1351 1435 cadaver

364 1465 590 1552 Protrahitur.
628 1501 817 1575 nequeunt
833 1481 968 1576 expleri
990 1479 1098 1552 corda
1115 1478 1253 1552 tuendo

363 1585 549 1668 Terribilis
569 1598 715 1686 oculos,
732 1600 897 1685 voltum,
918 1598 1121 1690 'villosaque
1141 1595 1246 1666 saetis

364 1703 513 1782 Pectora
533 1711 713 1802 semiferi,
735 1731 843 1807 atque
862 1713 1058 1785 exstinctos
1078 1694 1240 1782 faucibus
1259 1708 1360 1808 ignis

363 1825 419 1898 Ex
439 1827 504 1897 illo
523 1807 719 1899 celebratus
737 1828 878 1918 honos,
899 1829 1056 1921 laetique
1075 1827 1234 1898 minores

363 1939 547 2014 Servavere
566 1932 685 2031 diem,
708 1944 919 2038 primusque
939 1930 1092 2015 Potitius
1111 1959 1257 2030 auctor,

332 2133 340 2156 Ι
363 2045 411 2129 Et
430 2057 564 2130 domus
584 2058 749 2128 Herculei
770 2075 888 2130 custos
907 2059 1046 2128 Pinaria
1065 2057 1150 2130 sacri

365 2163 469 2242 Hanc
489 2189 584 2243 aram
603 2172 686 2243 ln'co
706 2174 853 2261 statuit,
874 2198 967 2266 quae
988 2157 1161 2244 Maxuma
1181 2180 1322 2266 semper

366 2274 514 2359 Dicetur
532 2287 657 2376 nobis,
680 2288 797 2360 eterit
817 2305 909 2381 quae
927 2313 1100 2360 maxuma
1120 2303 1271 2381 semper.

367 2400 490 2506 Quare·
508 2403 621 2506 agite,
641 2430 663 2475 o
680 2407 851 2502 juvenes,
875 2411 1053 2476 taratanun
1070 2405 1109 2473 in
1129 2423 1277 2474 munere
1297 2386 1453 2474 laudum

366 2509 510 2618 Cingite
531 2517 659 2590 fronde
679 2540 824 2609 comas,
848 2538 882 2591 et
899 2523 1033 2615 pocula
1051 2517 1191 2616 porgite
1210 2518 1360 2604 dextris,

365 2629 691 2728 Communemque
709 2654 834 2707 vocate
853 2636 989 2726 deu'rn,
1012 2654 1049 2706 et
1066 2631 1147 2705 (late
1167 2634 1250 2705 vina
1266 2633 1441 2706 volentes.

366 2747 514 2823 Dixerat
535 2777 543 2819 ι
573 2750 748 2822 Herculea
767 2743 909 2822 bicolor
927 2771 1044 2845 quom
1062 2752 1226 2845 populus
1243 2746 1371 2819 umbra

365 2853 585 2961 Velavitque
603 2891 753 2955 comas,
776 2864 948 2960 foliisque
966 2864 1097 2938 innexa
1119 2864 1318 2960 pependit:

364 2982 412 3056 Et
430 3005 523 3054 sacer
542 2969 695 3077 inplevit
711 2979 873 3055 dextram
891 2982 1059 3077 scyphus
1103 2980 1204 3051 ocius
1225 2999 1354 3051 omnes

365 3091 412 3170 In
432 3117 595 3171 mensam
616 3098 699 3168 laeti
719 3095 855 3185 libant,
879 3094 1058 3191 divosque
1079 3115 1275 3190 precantur.

425 3213 575 3285 Devexo
597 3214 727 3284 interea
747 3213 897 3309 propior
916 3211 959 3284 fit
976 3231 1102 3307 vesper
1120 3211 1310 3304 Olympos

369 3324 519 3423 Iamque
537 3323 733 3401 sacerdotes
751 3330 960 3424 primusque
979 3328 1134 3399 Potitius
1154 3326 1276 3413 ibant,

367 3437 527 3516 Pellibus
547 3441 586 3512 in
603 3465 744 3515 rnorem
764 3444 894 3530 cincti,
918 3443 1155 3535 flammasque
1176 3441 1344 3513 ferebant,

368 3561 569 3633 Instaurant
589 3559 733 3651 epulas,
759 3573 794 3630 et
809 3583 955 3629 mensae
975 3578 1069 3656 grata
1085 3556 1261 3628 secundae

366 3674 476 3748 Dona
495 3671 634 3763 ferunt,
654 3676 916 3767 cumulantque
937 3675 1089 3744 oneratis
1110 3672 1272 3744 lancibus
1292 3692 1376 3744 aras.

367 3791 468 3863 Tum
486 3787 570 3862 Salii
588 3789 634 3860 ad
655 3809 800 3878 cantus,
822 3791 965 3860 incensa
986 3791 1103 3859 altaria
1122 3788 1279 3877 circum,

366 3906 541 4003 Populeis
558 3907 688 3978 adsunt
705 3905 834 3976 evincti
852 3924 1016 3998 tempora
1036 3904 1164 3982 ramis;

367 4021 437 4093 Hic
450 4025 630 4121 juvenum
650 4022 801 4109 chorus,
825 4020 886 4090 ille
905 4045 1032 4091 senum
1050 4050 1058 4099 ;
1085 4021 1149 4128 qui
1172 4019 1328 4090 carmine
1347 4017 1473 4092 laudes

367 4137 558 4207 Herculeas
577 4152 612 4205 et
628 4134 719 4207 sacta
738 4129 856 4205 ferunt
879 4164 886 4202 ι
917 4154 958 4206 ut
973 4136 1090 4229 prima
1105 4160 1276 4204 novercae

367 4251 528 4322 Monstra
548 4275 660 4322 manu
682 4249 922 4348 geminosque
943 4274 1111 4344 premens
1131 4250 1261 4321 eliserit
1280 4250 1428 4348 anguis:

367 4365 416 4440 Ut
434 4364 531 4436 bello
554 4367 705 4465 egregias
724 4366 822 4436 idem
842 4366 1016 4463 disjecerit
1033 4366 1149 4454 urbis,

366 4482 614 4575 Troiamque,
633 4482 914 4574 Oechaliamque
933 4510 941 4549 :
971 4497 1012 4551 ut
1029 4483 1138 4553 duros
1158 4481 1259 4552 mille
1277 4480 1417 4553 labores·

366 4598 464 4699 Rege
485 4599 553 4670 sub
574 4596 795 4694 Eurystheo,
817 4597 898 4671 fatis
911 4597 1068 4688 Jturonis
1087 4598 1256 4691 iniquae,
