3750 6217
715 788 759 855 4
1273 750 1957 831 ECLOGA
2072 758 2131 831 1.
2248 780 2315 829 v.
2444 778 2569 852 ις.

1672 942 2133 1001 TITYRUS.

710 1042 980 1115 Urbem
1008 1095 1029 1130 ‚
1081 1068 1300 1136 quam
1338 1040 1589 1111 dicunt
1625 1040 1939 1111 Romam
1972 1096 1995 1129 ,
2058 1038 2467 1127 Meliboee,
2525 1042 2771 1134 putavi

709 1158 981 1229 Stultus
1021 1182 1152 1253 ego
1201 1155 1366 1225 huic
1405 1174 1684 1226 nostrae
1721 1156 2033 1226 similem
2062 1209 2082 1243 ,
2130 1180 2280 1247 quo
2326 1180 2535 1249 saepe
2582 1157 2905 1231 solemus

713 1274 1032 1344 Pastores
1085 1270 1332 1341 ovium
1377 1290 1658 1341 teneros
1712 1271 2067 1362 depellere
2122 1268 2323 1341 setus.

712 1386 826 1458 Sic
871 1386 1164 1457 canibus
1203 1387 1477 1455 catulos
1509 1384 1760 1455 similis
1791 1439 1812 1473 ‚
1859 1385 1956 1455 sic
1998 1384 2341 1455 matribus
2382 1384 2653 1458 haedos

711 1502 984 1573 Noram
1047 1530 1061 1570 z
1123 1501 1220 1572 sic
1259 1501 1488 1595 parvis
1529 1524 1941 1592 conponere
1988 1524 2245 1597 magna
2286 1500 2628 1571 solebam.

709 1616 986 1688 Verum
1027 1617 1195 1687 haec
1233 1634 1512 1687 tantum
1548 1616 1718 1685 alias
1758 1614 1939 1685 inter
1975 1634 2189 1707 caput
2228 1616 2483 1685 extulit
2521 1614 2761 1708 urbiS,

711 1730 1090 1838 Quantum
1132 1732 1324 1801 lenta
1362 1730 1599 1803 solent
1635 1729 1816 1800 inter
1855 1728 2154 1800 viburna
2192 1730 2525 1824 cupressi.

1605 1864 2225 1917 MELIBOEU&

705 1964 801 2036 Et
839 1988 1021 2058 quae
1059 1980 1254 2035 tanta
1289 1958 1428 2032 fuit
1465 1960 1783 2031 Romam
1818 1960 1951 2031 tibi
1996 1986 2235 2033 caussa
2266 1959 2561 2032 videndi
2592 1962 2631 2033 'z’

1668 2095 2150 2149 TITYRUS.

709 2194 1028 2267 Libertas
1089 2223 1104 2263 ε
1166 2219 1350 2286 quae
1397 2218 1540 2264 sera
1575 2247 1596 2282 ‚
1645 2211 1886 2263 tamen
1934 2194 2247 2287 respexit
2284 2194 2631 2273 inertem;

709 2309 1108 2381 Candidior
1154 2329 1544 2403 postquam
1597 2308 1931 2379 tondenti
1986 2308 2202 2378 barba
2245 2308 2587 2389 cadebat;

705 2424 1053 2519 Respexit
1103 2444 1344 2495 tamen
1372 2477 1392 2511 ‚
1453 2444 1524 2495 et
1569 2424 1794 2521 longo
1851 2444 2023 2517 post
2074 2444 2405 2519 tempore
2452 2425 2694 2513 venit,

708 2540 1108 2631 Postquam
1155 2562 1294 2609 nos
1342 2537 1721 2631 Amaryllis
1767 2540 1980 2610 habet
2009 2594 2030 2629 ‚
2078 2539 2369 2611 Galatea
2416 2540 2721 2633 reliquit.

705 2652 1046 2745 Namque
1069 2708 1090 2742 ,
1141 2652 1418 2724 fatebor
1457 2654 1652 2723 enim
1684 2707 1706 2742 ‚
1765 2654 1944 2725 dum
1984 2680 2103 2725 me
2146 2654 2435 2727 Galatea
2468 2654 2799 2746 tenebat,

703 2769 862 2841 Nec
899 2793 1059 2863 spes
1095 2769 1439 2845 libertatis
1485 2787 1626 2840 erat
1655 2824 1676 2859 ,
1727 2795 1859 2841 nec
1901 2795 2059 2842 cura
2098 2772 2335 2865 peculi
2369 2800 2385 2842 ε

705 2884 1061 2991 Quamvis
1105 2886 1333 2955 multa
1377 2884 1559 2955 meis
1605 2886 1822 2957 exiret
1865 2887 2155 2959 victima
2195 2889 2412 2981 septis
2438 2941 2459 2976 ‚

705 3001 1000 3101 Pinguis
1056 3020 1126 3073 et
1167 3002 1472 3100 ingratae
1523 3023 1957 3097 premeretur
2009 3028 2247 3075 caseus
2298 3002 2453 3073 urbi
2486 3058 2507 3093 ,

701 3116 880 3187 Non
921 3144 1270 3211 umquam
1309 3119 1533 3217 gravis
1567 3144 1721 3190 aere
1758 3120 2068 3191 domurn
2106 3120 2285 3189 mihi
2327 3119 2566 3191 dextra
2604 3119 2895 3193 redibat.

1585 3254 2242 3309 MELIBOEU&

701 3348 1011 3419 Mirabar
1041 3401 1061 3435 ‚
1117 3348 1299 3441 quid
1337 3368 1606 3419 maesta
1647 3350 1824 3419 deos
1861 3404 1881 3439 ,
1935 3348 2277 3445 Amarylli
2310 3406 2331 3441 ‚
2384 3377 2667 3424 vocares
2705 3380 2722 3421 ε

704 3462 847 3532 Cui
902 3463 1210 3556 pendere
1263 3488 1384 3535 sua
1431 3464 1759 3555 patereris
1807 3466 1881 3535 in
1932 3465 2177 3536 arbore
2231 3493 2476 3561 poma.

701 3576 996 3672 Tityrus
1047 3577 1213 3649 hinc
1264 3577 1516 3648 aberat.
1597 3579 1793 3671 ipsae
1846 3598 1920 3653 te
1950 3636 1971 3671 ,
2033 3581 2277 3677 Tityre
2310 3638 2331 3670 .,
2386 3585 2603 3677 pinus
2634 3638 2659 3675 ,

700 3692 860 3787 Ipsi
905 3710 975 3763 te
1015 3690 1252 3764 fontes
1278 3748 1300 3785 ‚
1348 3693 1504 3787 ipsa
1541 3694 1714 3766 haec
1754 3697 2032 3769 arbusta
2058 3752 2077 3787 ,
2132 3699 2505 3773 vocabant.

1677 3832 2126 3887 TITYRUS.
