3750 6217
454 747 1219 856 anuarnosr.t7m
1346 779 1422 852 A,

221 922 440 1010 Phoenissa,
466 939 502 992 et
518 946 631 1016 puero
652 924 780 1017 pariter
798 923 979 1017 donisque
996 940 1172 995 movetur.

221 1040 313 1128 Ille,
334 1037 398 1108 ubi
418 1038 600 1130 conplexu
620 1037 760 1108 Aeneae
778 1039 950 1131 colloque
969 1037 1164 1133 pependit,

220 1153 267 1227 Et
285 1176 460 1251 magnum
477 1149 555 1223 falsi
576 1153 728 1247 inplevit
746 1152 916 1251 genitoris
934 1177 1116 1231 amoremt

219 1267 397 1368 Reginam
414 1267 516 1361 petit.
553 1267 639 1338 haec
660 1267 796 1355 oculis,
818 1267 903 1338 haec
922 1286 1068 1363 pectore
1084 1285 1165 1339 toto
1231 1368 1232 1373 ἵ

221 1383 371 1458 Haeret:
401 1401 437 1453 et
455 1381 636 1453 interdum
656 1380 792 1479 gremio
812 1379 911 1453 fovet
930 1383 1039 1454 inscia
1058 1379 1179 1471 Dido,

221 1497 360 1570 insidat
376 1478 533 1591 quantus
548 1497 696 1568 miserae
716 1495 814 1567 deus.
853 1514 889 1567 at
907 1522 1050 1569 memor
1068 1498 1131 1566 ille

219 1612 343 1685 Matris
363 1610 562 1701 Acidaliae,
584 1611 774 1705 paullatim
793 1611 935 1682 abolere
954 1610 1154 1706 Sychaeum

221 1727 378 1822 Incipit,
399 1747 434 1800 et
451 1726 535 1796 vivo
553 1743 666 1798 tentat
684 1743 896 1819 praevertere
913 1750 1036 1798 amore

216 1843 299 1933 Jam
318 1841 460 1936 pridem
477 1840 608 1914 resides
627 1839 770 1912 animos
789 1840 1008 1935 desuetaque
1027 1841 1144 1915 corda.

220 1957 419 2051 Postquam
438 1957 557 2051 prima
577 1955 680 2050 quies
696 1956 831 2049 epulis,
855 1949 1073 2051 mensaeque
1090 1974 1268 2040 remotaer

219 2072 377 2145 Crateras
393 2095 545 2169 magnos
563 2089 743 2160 statuunt,
767 2088 803 2142 et
820 2071 904 2141 vina
923 2092 1106 2143 coronant.

219 2188 277 2260 Fit
297 2188 461 2282 strepitus
480 2188 601 2280 tectis,
618 2209 821 2279 vocemque
838 2210 902 2279 per
920 2189 1041 2281 ampla
1058 2189 1224 2263 volutant

219 2303 315 2376 Atria
338 2331 345 2381 ς
376 2301 584 2396 dependent
602 2301 723 2395 lychni
743 2301 968 2393 laquearibus
985 2304 1096 2378 aureis

219 2418 381 2506 Incensi,
404 2436 439 2490 et
455 2435 602 2489 noctem
621 2414 779 2488 flammis
798 2414 933 2486 funalia
950 2417 1109 2488 vincunt.

219 2529 288 2605 Hic
307 2533 426 2631 regina
443 2556 583 2631 gravem
602 2530 756 2631 gemmis
772 2555 932 2625 auroque
951 2532 1144 2626 poposcit,

220 2647 451 2743 Inpleritque
470 2671 593 2737 mero,
615 2663 773 2741 pateram
792 2674 799 2714 :
826 2670 937 2739 quam
956 2647 1082 2741 Belus,
1100 2666 1136 2720 et
1156 2671 1286 2724 omnes

220 2762 252 2832 A
270 2762 357 2833 Belo
377 2763 484 2835 soliti.
523 2780 603 2833 tum
622 2759 714 2832 facta
733 2761 870 2833 silentia
891 2762 1014 2835 tectisr
1145 2850 1148 2861 Ι

216 2875 406 2972 Juppiter‚
427 2877 632 2971 hospitibus
649 2892 737 2948 nam
757 2893 791 2947 te
809 2876 892 2947 dare
906 2879 985 2974 jura
1005 2880 1224 2972 loquuntur,

217 2989 329 3063 Hunc
347 2994 483 3063 laetum
497 2991 688 3086 Tyriisque
707 2990 806 3062 diem
827 2991 1009 3084 Troiaque
1028 2993 1198 3086 profectis

219 3106 307 3181 Esse
322 3107 434 3196 velis,
454 3123 668 3198 nostrosque
686 3106 792 3204 hujus
808 3106 1017 3181 meminisse
1033 3107 1202 3181 minores.

219 3221 325 3294 Adsit
344 3221 496 3295 laetitiae
514 3220 670 3291 Bacchus
687 3221 810 3311 dator,
831 3240 867 3293 et
885 3221 983 3293 bona
996 3221 1106 3311 juno,

219 3337 372 3428 lituos,
394 3361 441 3427 o,
465 3355 632 3426 coetum,
658 3335 779 3431 Tyrii,
801 3336 972 3415 celebrate
990 3332 1169 3415 faventes(

218 3450 346 3542 Dixit,
370 3471 405 3524 et
424 3452 463 3522 in
482 3476 647 3528 mensam
668 3452 815 3522 laticum
836 3453 960 3524 libavit
979 3454 1179 3546 honorem,

219 3565 436 3661 Primaque,
459 3567 595 3656 libato,
618 3591 765 3641 summo
785 3586 890 3647 tenus
908 3568 1034 3668 adtigit
1052 3594 1122 3641 ore.

220 3679 319 3753 Tum
340 3682 450 3755 Bitiae
470 3682 573 3769 dedit,
589 3682 814 3775 increpitans.
853 3684 915 3754 llle
935 3685 1074 3780 inpiger
1092 3685 1209 3756 hausit

217 3793 456 3891 Spumantem
475 3815 657 3891 pateram,
677 3815 714 3867 et
732 3800 843 3891 pleno
865 3823 902 3871 se
921 3798 1058 3893 proluit
1076 3822 1174 3878 auro,

217 3911 307 3983 Post
324 3912 385 3983 alii
403 3934 577 4005 proceres.
613 3911 742 3990 cithara
758 3914 904 3990 crinitus
921 3914 1044 4009 Iopas.

217 4025 390 4097 Personat
409 4043 547 4121 aurata,
573 4025 699 4097 docuit
715 4052 808 4120 quae
825 4053 1018 4101 maxumus
1038 4027 1147 4108 Atlas,

218 4140 290 4211 Hic
310 4140 406 4212 canit
425 4158 597 4218 errantem
621 4140 766 4232 lunam,
788 4145 947 4239 solisque
966 4144 1127 4224 labores;

218 4253 325 4326 Unde
342 4255 538 4328 hominum
557 4277 695 4354 genus,
719 4275 755 4329 et
772 4259 949 4352 pecudem
973 4260 1071 4331 unde
1088 4259 1225 4351 imber,
1246 4279 1281 4332 et
1301 4259 1422 4360 ignem

218 4368 428 4460 Arcturum,
449 4371 662 4467 pluviasque
677 4369 841 4466 Hyadas,
864 4377 1102 4473 geminosque
1118 4375 1294 4453 Triones:
1331 4417 1333 4420 >

218 4481 324 4588 Quid
342 4503 482 4561 tantum
501 4487 649 4559 Oceano
667 4507 862 4582 properent
882 4516 918 4563 se
935 4490 1095 4590 tinguere
1115 4492 1210 4566 soles

218 4594 387 4692 Hibemi,
408 4603 466 4680 vel
483 4626 576 4695 quae
594 4600 702 4676 tardis
720 4627 823 4681 mota
841 4604 1011 4684 noctibus
1027 4604 1155 4681 obstet.
