3750 6217
455 741 908 828 'AENEIDOS
964 749 1013 824 X.
1071 751 1105 824 e.
1154 752 1248 830 lea.
1377 769 1464 861 [353

246 913 377 985 Oratur
389 916 537 1013 juveni,
563 941 698 1011 meque
722 917 794 988 hoc
816 916 864 987 ita
885 941 1023 1011 ponere
1041 918 1171 995 sentis:

246 1028 357 1100 Tolle
377 1028 461 1127 fuga
479 1027 672 1121 Turnum,
698 1050 806 1124 atque
825 1031 1040 1104 instantibus
1061 1031 1158 1126 eripe
1177 1030 1269 1105 latia.

247 1144 431 1215 Hactenus
451 1144 641 1217 indulsisse
659 1160 771 1219 vacat.¹
810 1148 866 1218 sin
885 1147 992 1216 altior
1010 1148 1085 1218 istis

247 1258 322 1329 Sub
342 1260 510 1353 precibus
529 1262 634 1331 venia
650 1263 725 1332 ulla
745 1263 857 1350 late't,
879 1237 1075 1354 totumque
1094 1261 1235 1332 rrio'veri

246 1373 423 1445 Mutarive
441 1393 546 1468 putas
563 1375 720 1456 bellum;
745 1401 827 1471 spes
847 1376 963 1470 pascis
980 1376 1106 1446 inanis.

246 1488 293 1560 Et
308 1487 406 1575 Juno
428 1489 663 1562 adlacrimans
685 1518 692 1560 :
721 1489 826 1595 Quid
844 1492 894 1580 si,
916 1515 1010 1584 quae
1030 1508 1121 1563 voce
1141 1490 1309 1587 gratariS,

246 1602 371 1674 Mente
394 1603 494 1675 dares
509 1633 517 1683 ;
538 1624 646 1699 atque
665 1606 753 1679 haec
771 1603 899 1677 Turno
917 1623 989 1676 rata
1007 1605 1080 1676 vita
1099 1607 1292 1676 maneret?

246 1716 355 1788 Nunc
370 1737 495 1790 manet
512 1719 696 1790 insontem
715 1721 826 1817 gravis
846 1722 960 1792 exitus
981 1749 988 1788 ε
1016 1737 1078 1790 aut
1095 1744 1163 1817 ego
1183 1719 1258 1790 veri

248 1831 356 1903 Vana
375 1831 476 1903 feror.
517 1833 618 1925 quod
639 1852 722 1905 uto
744 1835 868 1928 potius
887 1834 1083 1905 formidine
1103 1818 1210 1905 falsa'

247 1944 388 2036 Ludat,
415 1947 508 2046 etin
531 1949 662 2020 melius
677 1967 759 2039 tua,
783 1951 847 2043 qui
865 1966 992 2044 potes,
1017 1972 1095 2019 orsa
1115 1947 1292 2021 reflectas!

306 2061 403 2133 Haec
424 2061 488 2132 ubi
508 2062 601 2134 dicta
621 2063 739 2152 dedit,
759 2067 863 2136 coelo
882 2090 920 2135 se
939 2063 1106 2159 protinus
1126 2065 1199 2134 alto

245 2176 369 2266 Misit,
394 2201 501 2275 agens
520 2178 681 2250 hiemem
702 2179 831 2250 nimbo
851 2180 1028 2252 succincta
1048 2203 1112 2273 per
1129 2203 1248 2250 auras:

245 2291 468 2386 Iliacamque
487 2293 626 2382 aciem,
646 2313 682 2364 et
701 2293 888 2366 Laurentia
908 2313 1018 2365 castra
1035 2293 1172 2388 petivit.

245 2404 349 2478 Tum
369 2407 436 2477 dea
455 2406 552 2477 nube
573 2432 655 2478 cava
672 2426 819 2479 tenuem
841 2409 916 2478 sine
932 2408 1069 2478 viribus
1090 2406 1260 2479 umbram

245 2520 292 2591 In
312 2521 442 2592 faciem
461 2520 601 2593 Aeneae
620 2523 719 2615 (visu
734 2521 899 2592 mirabile
917 2524 1151 2614 monstrum)

246 2635 435 2708 Dardaniis
457 2652 559 2708 omat
578 2636 680 2716 telis;
710 2636 944 2731 clipeumque
959 2634 1141 2733 jubasque

246 2749 373 2827 Divini
393 2750 588 2822 adsimulat
604 2752 731 2846 capitis
751 2778 759 2821 :
784 2751 844 2822 dat
864 2752 984 2822 inania
1001 2749 1127 2830 verba;

247 2864 320 2936 Dat
340 2866 417 2936 sine
435 2869 558 2936 mente
575 2890 730 2954 sonum,
753 2871 964 2963 gressusque
982 2864 1117 2962 effingit
1137 2863 1264 2938 euntis.
1378 2850 1382 2857 ¹

248 2979 365 3050 Morte
389 2979 489 3050 obita
509 2979 628 3071 qualis
646 2978 742 3049 fama
762 2999 815 3051 est
833 2980 980 3051 volitare
1000 2977 1150 3075 figuras,

246 3091 321 3165 Aut
343 3119 434 3186 quae
453 3093 592 3187 sopitos
612 3092 791 3166 deludunt
811 3094 954 3165 somnia
974 3098 1106 3166 sensus.

245 3207 294 3280 At
309 3209 444 3304 primas
465 3210 554 3278 laeta
574 3227 655 3279 ante
672 3210 764 3281 acies
782 3210 933 3281 exsultat
951 3210 1097 3305 imago,

248 3324 444 3416 Inritatque
462 3323 579 3393 virlrm
598 3324 701 3411 telis,
723 3341 757 3394 et
775 3328 865 3394 voce
884 3323 1032 3394 lacessita
1110 3413 1113 3419 1

247 3437 359 3510 Instat
378 3438 437 3508 cui
453 3437 619 3526 Tum‘us,
640 3436 922 3531 stridentemque
942 3437 1085 3509 eminus
1104 3437 1246 3513 hastam

246 3551 406 3650 Conjicit
425 3577 433 3621 ε
458 3553 521 3622 illa
540 3553 626 3625 dato
643 3555 748 3625 vertit
762 3553 910 3651 vestigia
928 3563 1039 3650 tergo.

246 3664 346 3738 Tum
363 3686 448 3739 vero
468 3667 617 3740 Aenean
633 3692 795 3741 aversum
815 3686 856 3739 ut
871 3667 994 3739 cedere
1009 3663 1154 3736 Tumus
1256 3702 1267 3719 x

247 3763 427 3871 Credidit,
456 3802 564 3876 atque
583 3784 708 3854 animo
729 3789 833 3877 spern'
853 3781 1018 3854 turbidus
1035 3779 1150 3850 hausit
1171 3768 1342 3851 inanem:

247 3893 338 3999 Quo
360 3894 477 4000 ¹fugis,
500 3897 654 3969 Aenea?
678 3898 858 3970 thalamos
879 3921 926 3967 ne
946 3897 1066 3967 desere
1086 3912 1237 3988 pactos:

245 4009 324 4080 Hac
344 4009 486 4080 dabitur
503 4011 627 4084 dextra
645 4013 752 4083 tellus
770 4013 930 4106 quaesita
949 4022 1013 4106 per
1031 4009 1156 4079 undas.

248 4120 353 4195 Talia
371 4124 570 4198 vociferans
588 4128 770 4219 sequitur,
796 4127 1033 4221 strictumque
1053 4137 1215 4194 coruscat

245 4239 460 4310 Mucronem
480 4266 489 4308 ε
514 4264 581 4312 nec
598 4239 686 4312 ferre
705 4242 804 4313 videt
824 4266 886 4312 sua
906 4240 1032 4341 gaudia
1051 4256 1188 4310 ventos.

245 4353 351 4426 Forte
370 4356 454 4427 ratis
474 4357 559 4428 celsi
578 4354 769 4453 conjuncta
788 4356 967 4449 crepidine
986 4354 1060 4427 saxi

243 4470 427 4565 Expositis
449 4471 563 4544 stabat
582 4471 705 4559 scalis,
733 4492 769 4542 et
786 4488 903 4564 ponte
923 4464 1070 4566 parato}

247 4584 333 4693 Qua
351 4610 414 4662 rex
434 4579 595 4663 Clusinis
613 4585 783 4660 advectus
802 4585 953 4660 Osinius
972 4585 1054 4659 orist

1097 4697 1173 4795 Ya
