3750 6217
351 717 432 799 aso.
550 689 1365 794 AENEIDOSV1.u356.

346 863 444 934 Hinc
462 861 618 946 exaudiri
633 860 810 960 gemitus,
833 877 868 930 et
886 884 987 932 saeva
1007 882 1134 945 sonare¹

346 977 504 1050 Verbera
527 1006 534 1046 ε
563 996 644 1068 turn¹
664 975 792 1073 stridor
810 974 909 1072 ferri,
932 994 1132 1068 tractaeque
1151 991 1302 1060 catenae.

349 1093 522 1166 Constitit
540 1091 699 1178 Aeneas,
725 1091 944 1187 strepituque
963 1083 1143 1187 exterritus
1161 1090 1295 1161 haesit:

348 1191 454 1313 Quae
474 1209 644 1298 scelerum
665 1205 770 1278 facies
795 1209 811 1276 Ρ
843 1208 1010 1312 virgo,
1034 1204 1135 1276 ellare
1157 1232 1165 1274 r
1196 1204 1372 1300 quibusve

347 1317 524 1423 Urgentur
543 1321 673 1415 poenis
693 1323 708 1392 ?
738 1322 803 1414 qui
821 1339 941 1393 tantus
958 1323 1111 1418 plangor
1129 1321 1176 1420 ad
1193 1323 1325 1394 auras?
1353 1357 1356 1364 ·

348 1440 448 1521 Turn
465 1457 562 1520 vates
581 1437 631 1522 sic
652 1461 728 1519 orsa
747 1438 852 1530 loqui
878 1465 890 1535 :¹
917 1438 1003 1507 Dux
1022 1437 1154 1508 inclute
1175 1436 1377 1528 Teucrum,

347 1553 451 1626 Nulli
469 1551 520 1625 fas
540 1571 635 1626 casto
656 1553 862 1638 sceleratum
882 1554 1040 1624 insistere
1059 1551 1172 1624 limen
1188 1580 1197 1641 :¹

348 1669 418 1741 sed
437 1694 518 1759 me,
542 1693 659 1762 quom
679 1668 768 1751 lucis
787 1668 917 1750 Hecate
935 1667 1101 1761 prat-lecit
1122 1666 1290 1757 Averuis‚

347 1787 434 1884 Ipsa
454 1786 565 1872 (leiim
582 1808 718 1877 poenas
738 1784 887 1871 docuit,
910 1808 1046 1878 perque
1063 1783 1187 1879 omnia
1204 1783 1316 1856 duxit.

349 1901 511 1974 Gnosius
529 1900 615 1976 haec
633 1898 924 1976 Rhadamanthus
943 1899 1049 1971 habet
1069 1898 1254 1990 durissima
1275 1921 1402 1999 regna,

350 2016 578 2113 Castigatque
596 2014 768 2108 auditque
785 2015 916 2093 dolos;
939 2014 1143 2111 subigitque
1165 2012 1284 2103 lateri,

350 2133 456 2238 Quae
474 2131 556 2226 quis
574 2130 676 2231 apud
691 2155 860 2242 superos,
883 2129 979 2201 furto
1000 2132 1148 2216 laetatus
1165 2129 1288 2222 inani,

349 2248 499 2320 Distulit
519 2247 557 2316 in
575 2270 687 2317 seram
708 2244 886 2341 conmissa
907 2245 1047 2339 piacula
1064 2264 1233 2326 mortem.

350 2363 539 2443 Continuo
561 2361 673 2434 sontis
693 2361 802 2460 ultrirr
818 2359 979 2460 adcincta
997 2359 1140 2459 flagello

349 2477 552 2573 Tisiphone
573 2474 688 2569 quatit
703 2476 901 2566 insultans,
925 2493 1113 2572 tortosque
1134 2476 1268 2548 sinistra
1348 2527 1354 2540 .

268 2645 271 2650 -
347 2595 536 2666 intentans
555 2592 707 2689 anguis,
731 2611 835 2662 vocat
851 2593 994 2691 agmina
1015 2616 1115 2674 saeva
1135 2616 1307 2686 sororum.

348 2710 450 2788 Turn
470 2708 623 2792 demum
638 2707 831 2800 horrisono·
846 2707 1031 2794 stridentes
1049 2707 1189 2798 cardine
1207 2727 1322 2791 sacrae

348 2824 561 2900 Panduntur
580 2840 713 2920 portae.
754 2823 884 2912 cernis,
908 2823 1071 2910 custodia¹
1088 2824 1206 2917 qualis

347 2940 543 3012 vestibulo
565 2939 704 3025 sedeat3
724 2936 833 3012 facies
851 2964 945 3032 quae
965 2940 1090 3010 limina
1110 2956 1242 3010 servet:

348 3055 620 3161 Quinquaginta
637 3055 719 3126 atris
739 3053 896 3150 inmanis
913 3054 1070 3128 hiatibus
1088 3053 1211 3152 Hydra

349 3171 491 3244 Saevior
511 3172 606 3241 intus
622 3169 728 3240 habet
748 3171 880 3244 sedem.
920 3187 1000 3244 tum
1020 3168 1185 3248 Tartarus
1205 3171 1283 3265 lpse

348 3287 408 3357 Bis
426 3303 523 3380 patet
540 3287 578 3362 ln
597 3308 770 3378 praecep-s*
783 3302 942 3377 tanturn,
964 3284 1152 3378 tenditque
1171 3286 1237 3357 sub
1254 3285 1418 3377 umbras,

349 3401 519 3506 Quantus
539 3401 584 3478 ad
604 3400 798 3470 aetherium
819 3400 913 3470 coeli
931 3419 1115 3493 suspectus
1133 3401 1350 3495 Olympum.

347 3512 418 3588 Hic
437 3538 548 3613 genus
565 3514 757 3609 antiquom
775 3515 920 3605 Terrae,
947 3515 1091 3586 Titania
1111 3517 1226 3610 pubes
1235 3571 1250 3615 ,Ι

348 3630 518 3728 Fulmine
541 3629 689 3727 dejecti,
712 3628 829 3702 fundo
847 3632 1041 3726 volvuntur
1061 3632 1097 3701 in
1118 3634 1206 3703 imo.

349 3742 419 3838 Hic
439 3765 474 3823 et
490 3746 638 3817 Aloidas
657 3744 844 3845 geminos,
869 3747 1029 3826 inmania
1046 3748 1122 3818 vidi

348 3864 509 3964 Corpora
528 3892 536 3935 ι
567 3861 631 3957 qui
648 3860 817 3948 manibus
835 3887 1011 3961 magnum
1027 3864 1222 3940 rescindere
1241 3866 1386 3938 coelum

347 3978 512 4076 Adgressi
525 3961 541 4067 ,¹
556 3983 763 4071 superisque
779 3978 911 4074 lovem
929 3978 1112 4062 detrudere
1131 3980 1261 4079 regnis...
1479 3963 1481 3968 ¹

348 4094 439 4166 Vidi
456 4111 491 4162 et
511 4093 663 4164 crudelis
681 4093 826 4164 dantem
844 4093 1035 4189 Salmonea
1054 4119 1211 4188 poenas,

349 4209 454 4308 Dum
472 4207 634 4300 flammas
649 4208 749 4302 Joyis
768 4227 803 4281 et
820 4193 960 4306 sonitus
979 4210 1137 4309 imitatur
1156 4211 1322 4305 Olympi.

349 4323 516 4431 Quaruor
534 4324 620 4393 hicc'
643 4324 801 4398 invectus
821 4327 951 4421 equis‚·
970 4346 1005 4414 et
1025 4326 1193 4421 lampada
1214 4351 1407 4418 quassans,

347 4439 413 4518 Per
433 4437 582 4522 Graiam
603 4442 787 4533 populos,
812 4443 1026 4533 mediaeque
1043 4466 1107 4538 per
1126 4440 1240 4513 Elidis
1258 4441 1385 4514 urbem

346 4555 429 4655 ibat
449 4578 584 4656 orans,
606 4553 804 4650 diatimque
823 4557 891 4626 sibi
909 4556 1081 4655 poscebat
1098 4556 1302 4661 honorem2
