3750 6217
397 721 849 804 A=ENE1DOS
904 725 1020 800 XII.
1077 751 1112 802 v.
1161 733 1255 824 4254
1352 755 1436 830 40³

221 896 410 982 Annaciti
429 911 620 990 properate
638 891 716 964 viro
736 922 745 973 ;
774 890 865 988 quid
885 893 984 968 statis
1007 895 1025 966 ?
1055 894 1154 988 Iapis

221 1017 459 1102 Conclamat,
480 1011 694 1107 primusque
713 1009 857 1083 animos
874 1009 1042 1084 adcendit
1061 1012 1101 1082 in
1120 1011 1274 1083 hostem.

191 1135 195 1148 '
220 1134 309 1207 Non
326 1132 412 1202 haec
432 1128 600 1202 humanis
620 1126 777 1223 opibus,
801 1151 878 1199 non
896 1146 968 1199 arte
988 1129 1153 1228 magistra

220 1246 464 1325 Proveniunt;
488 1268 608 1338 neque
626 1261 685 1334 te,
704 1238 846 1335 Aenea,
865 1267 949 1314 mea
967 1245 1112 1317 dextera
1130 1264 1260 1317 servat:

221 1366 339 1464 Major
358 1362 430 1461 agit
450 1359 565 1450 deus,
583 1376 691 1455 atque
712 1384 821 1455 opera
839 1358 886 1432 ad
905 1367 1043 1462 majora
1064 1360 1221 1435 remittit.

223 1483 293 1554 Ille
312 1479 438 1551 avidus
455 1489 598 1575 pugnae
616 1501 713 1551 suras
731 1478 922 1550 incluserat
942 1503 1028 1550 auro

222 1598 321 1670 Hinc
341 1613 451 1689 atque
468 1593 573 1684 hinc,
597 1591 749 1688 oditque
768 1618 906 1684 moras,
930 1593 1144 1688 hastamque
1160 1608 1330 1667 coruscat.

224 1714 423 1804 Postquam
441 1707 571 1782 habilis
590 1710 689 1782 lateri
709 1709 848 1805 clipeus
868 1709 1049 1805 loricaque
1066 1722 1165 1810 tergo
1186 1728 1260 1802 est,

223 1827 420 1901 Ascanium
439 1822 528 1896 fusis
548 1826 682 1898 circum
701 1828 943 1920 conplectitur
960 1829 1091 1918 armis,

224 1942 449 2037 Summaque
468 1964 533 2036 per
549 1943 688 2040 galeam
705 1941 869 2016 delibans
890 1947 1013 2017 oscula
1030 1942 1144 2016 fatur:

226 2059 358 2150 Disce,
380 2082 489 2155 puer,
510 2056 679 2132 virtutem
699 2082 745 2130 ex
761 2082 846 2149 me,
867 2083 1068 2153 verumque
1087 2059 1274 2143 laborem

225 2175 425 2248 Fortunam
443 2198 487 2245 ex
506 2174 595 2248 aliis
637 2199 735 2247 nunc
754 2192 790 2248 te
808 2199 890 2246 mea
909 2175 1051 2248 dextera
1068 2172 1171 2246 bello

225 2291 430 2364 Defensum
449 2289 572 2380 dabit,
596 2309 632 2362 et
648 2315 781 2387 magna
800 2291 892 2359 inter
908 2292 1067 2382 praemia
1088 2290 1203 2362 ducet.

225 2407 287 2479 Tu
307 2405 439 2493 facito,
464 2429 556 2476 mox
572 2429 693 2498 quom
712 2421 849 2473 matura
869 2402 1065 2473 adoleverit
1081 2422 1196 2494 aetas,

223 2521 280 2599 Sis
300 2544 462 2609 memor,
484 2537 520 2592 et
539 2538 576 2592 te
594 2519 718 2590 animo
738 2533 963 2612 repetentem
981 2521 1152 2615 exempla
1171 2537 1323 2594 tuorum

226 2637 274 2713 Et
293 2655 393 2732 pater
410 2634 569 2726 Aeneas,
592 2652 628 2708 et
646 2635 847 2708 avunculus
866 2635 995 2707 excitet
1015 2634 1160 2708 Hector.

283 2753 382 2826 Haec
398 2752 461 2824 ubi
482 2752 577 2826 dicta
596 2751 716 2841 dedit,
741 2752 855 2846 portis
871 2775 946 2824 sese
967 2751 1095 2821 exmlit
1114 2752 1260 2851 ingens,
1299 2735 1302 2740 ⁵

225 2869 362 2945 Telum
381 2870 526 2939 inmane
546 2891 659 2938 manu
680 2867 845 2959 quatiens
866 2895 874 2934 :
905 2866 1016 2939 simul
1033 2866 1178 2965 agmine
1198 2867 1313 2941 denso

225 2984 462 3077 Antheusque
481 2981 763 3076 Mnestheusque
782 3001 916 3062 ruunt;
941 2982 1136 3076 omnisque
1155 2983 1286 3058 relictis

225 3100 353 3173 Turba
372 3097 453 3171 fluit
471 3098 601 3171 castris.
642 3116 723 3170 turn
738 3121 844 3170 caeco
863 3101 1013 3193 pulvere
1033 3123 1185 3194 campus

225 3216 417 3305 Miscetur,
440 3217 624 3311 pulsuque
641 3212 781 3310 pedum
801 3214 921 3287 tremit
941 3214 1055 3286 excita
1073 3216 1189 3290 tellus.

227 3330 397 3403 Viditab
420 3331 567 3403 adverso
585 3331 768 3403 venientes
786 3355 909 3430 aggere
926 3329 1097 3422 Turnus,

226 3445 363 3519 Videre
382 3443 561 3537 Ausonii,
584 3446 797 3546 gelidusque
818 3472 882 3542 per
899 3447 975 3519 irna
993 3449 1144 3519 cucurrit

226 3563 321 3636 Ossa
337 3582 483 3636 tremor.
524 3564 643 3660 prima
659 3581 741 3634 ante
762 3564 884 3636 omnis
897 3562 1051 3653 Jutuma
1069 3563 1219 3637 Latinos

227 3677 380 3769 Audiit,
407 3679 653 3779 adgnovitque
672 3703 829 3771 sonum,
853 3697 889 3752 et
907 3678 1111 3752 tremefacta
1129 3680 1266 3778 refugit.

226 3795 297 3866 Ille
315 3798 435 3883 volat,
456 3821 664 3892 campoque
683 3815 799 3868 atrum
818 3796 909 3892 rapit
926 3819 1056 3894 agmen
1076 3813 1211 3888 aperto.

229 3910 358 4016 Qualis
378 3909 441 3982 nbi
459 3912 507 3981 ad
525 3930 632 3985 terras
651 3912 807 4010 abrupto
827 3911 939 3985 sidere
958 3910 1107 3984 nimbus

228 4027 266 4099 lt
284 4050 381 4097 mare
403 4049 466 4118 per
484 4027 649 4098 medium
671 4058 679 4097 ε
709 4029 869 4117 miseris,
889 4028 978 4117 heu,
997 4026 1152 4122 praescia
1171 4028 1281 4129 longo

232 4142 452 4214 Horrescunt
471 4141 579 4213 corda
594 4142 758 4239 agricolis
777 4173 785 4214 ε
815 4143 917 4217 dabit
935 4144 997 4214 ille
1016 4143 1135 4217 ruinas

230 4255 453 4348 Arboribus,
476 4275 699 4357 stragemque
718 4260 822 4340 satis;
846 4261 917 4332 ruit
936 4260 1061 4332 omnia
1080 4260 1149 4333 late

232 4373 476 4466 Antevolans,
502 4375 736 4469 sonitumque
755 4376 872 4450 ferunt
891 4376 938 4448 ad
955 4377 1058 4448 litora
1076 4379 1185 4450 venti.

233 4489 334 4563 Talis
354 4492 392 4561 in
410 4490 575 4565 adversos
596 4491 725 4563 ductor
743 4489 939 4566 Rhoeteius
958 4493 1070 4566 hostis

231 4602 374 4707 Agmen
394 4609 493 4712 agit:
523 4608 627 4684 densi
647 4608 772 4684 cuneis
790 4633 828 4684 se
849 4609 1004 4706 quisque
1023 4607 1156 4681 coactis

1028 4723 1059 4798 E
1077 4749 1096 4797 e
1111 4747 1131 4797 e
1165 4742 1184 4796 α
