3750 6217
371 719 450 791 354
572 691 1024 768 AENEIDOS
1080 696 1129 768 X.
1188 718 1221 770 v.
1275 695 1370 787 635.

367 863 452 933 Huc
473 886 547 933 sese
566 864 703 956 trepida
723 860 863 933 Aeneae
882 861 1050 959 fugientis
1071 861 1193 960 imago

368 978 528 1078 Conjicit
548 979 587 1047 in
607 978 757 1050 latebras
777 1004 785 1047 ι
811 1002 876 1049 nec
897 979 1042 1054 Turnus
1063 978 1205 1074 segnior
1222 978 1353 1051 instate

367 1094 636 1188 Exsuperatque
656 1118 795 1181 moras,
819 1110 854 1164 et
871 1108 1004 1186 pontes
1023 1093 1172 1165 transilit
1191 1094 1293 1165 altos.

366 1209 443 1279 Vix
461 1233 604 1304 proram
625 1209 815 1306 adtigerat;
842 1209 981 1302 rumpit
996 1206 1157 1290 Saturnia
1176 1205 1326 1298 funem,

366 1324 615 1416 Avolsnmque
631 1326 722 1417 rapit
741 1326 899 1394 revoluta
921 1349 984 1417 per
1003 1348 1159 1417 aequora
1179 1348 1320 1395 navem.

249 1471 263 1490 ³
367 1442 466 1511 Turn
488 1439 576 1509 levis
594 1440 689 1525 haud
708 1442 797 1509 ultra
817 1441 967 1511 latebras
980 1441 1056 1536 jam
1078 1440 1213 1531 quaerit
1231 1439 1376 1539 imago,

366 1556 437 1627 Sed
456 1554 613 1638 sublime
631 1558 758 1647 volans
779 1554 868 1642 nubi
889 1578 925 1624 se
947 1553 1131 1630 inmiscuit
1150 1573 1252 1629 atrae.

367 1672 480 1742 Illum
500 1688 620 1740 autem
641 1670 779 1742 Aeneas
797 1668 983 1739 absentem
1004 1670 1041 1739 in
1059 1670 1196 1763 proelia
1214 1670 1355 1763 poscit;

365 1786 486 1872 Obvia
506 1763 621 1857 multa
640 1786 758 1857 virdm
779 1785 935 1866 demittit
956 1809 1107 1878 corpora
1126 1786 1254 1866 morti:¹

369 1902 498 2006 Quom
517 1900 686 1973 Turnum
704 1901 827 1974 medio
848 1901 979 1971 interea
1000 1898 1065 1972 fert
1084 1926 1239 1993 aequore
1255 1899 1375 1973 turbo.

366 2017 529 2110 Respicit
549 2016 689 2114 ignarus
706 2041 848 2103 rerum,
875 2016 1103 2111 ingratusque
1127 2015 1270 2105 salutis,

366 2132 414 2219 Et
434 2132 597 2226 duplices
616 2155 699 2201 cum
720 2155 809 2201 voce
829 2154 961 2201 manus
978 2130 1024 2199 ad
1044 2130 1157 2201 sidera
1175 2130 1314 2213 tendit:

425 2247 674 2339 Omnipotens
692 2249 852 2343 genitor,
877 2247 1014 2316 tanton'
1035 2271 1095 2315 me
1116 2246 1265 2321 crimine
1283 2247 1438 2346 dignum

366 2362 530 2448 Duxisti,
554 2381 589 2431 et
607 2361 686 2431 talis
703 2361 851 2430 volui-sti
869 2360 1072 2460 eupendere
1089 2364 1254 2454 poenas?

366 2478 456 2580 Quo
477 2475 569 2545 feror
590 2479 605 2544 ?
636 2476 733 2561 unde
751 2476 856 2545 abii?
886 2501 980 2567 quae
997 2500 1057 2546 me
1078 2474 1185 2573 fuga,
1209 2502 1364 2571 quemve
1381 2480 1561 2555 reducit?

366 2591 600 2661 Laurentisne
622 2591 749 2659 iterum
769 2615 893 2671 muros
913 2609 975 2660 aut
995 2610 1101 2684 castra
1121 2591 1285 2663 videbo?

367 2706 473 2809 Quid
493 2729 622 2779 manus
640 2706 700 2774 illa
721 2706 856 2793 vinlm,
883 2706 947 2796 qui
965 2731 1026 2775 me
1044 2731 1201 2799 meaque
1219 2732 1314 2779 arma
1334 2712 1483 2782 secuti?

368 2822 524 2926 Quosne
546 2819 695 2913 (nefas)
719 2821 839 2901 omnis
858 2819 1004 2904 uisenda
1025 2822 1064 2897 in
1084 2841 1201 2893 morte
1219 2824 1378 2915 reliqui?

365 2937 413 3008 Et
433 2961 531 3007 nunc
550 2938 710 3030 palantes
728 2935 861 3023 video,
888 2937 1137 3032 gemitumque
1155 2938 1347 3009 cadentum

1564 1553 1593 1664 l

364 3051 533 3146 Adcipio.
572 3050 663 3144 quid
683 3075 748 3148 ago
771 3053 787 3120 ?
817 3069 878 3121 aut
897 3055 1081 3148 quaejam
1104 3052 1185 3123 satis
1204 3054 1277 3123 ima
1296 3053 1458 3131 dehiscat
1555 3130 1571 3139 ,

366 3166 473 3236 Terra
492 3166 583 3246 mihi
605 3167 622 3234 Ρ·
651 3190 717 3235 vos
737 3190 758 3234 ο
780 3167 903 3259 potius
924 3167 1160 3255 miserescite,
1182 3169 1290 3239 venti.
1336 3169 1343 3203 ⁸

366 3281 412 3348 ln
430 3304 559 3373 rupeS,
579 3281 617 3348 in
637 3304 717 3349 surra
741 3282 889 3371 (volens
907 3306 973 3354 vos
993 3282 1139 3356 Turnus
1157 3283 1296 3377 adoro)

364 3394 465 3463 Ferte
487 3414 616 3481 ratem,
641 3395 825 3486 saevisque
845 3397 946 3467 vadis
967 3397 1136 3466 inmittite
1156 3396 1283 3491 Syrtis:

366 3509 456 3614 Quo
479 3533 598 3600 neque
618 3533 678 3578 me
698 3509 841 3598 Rutuli,
865 3535 930 3583 nec
952 3514 1094 3596 conscia
1114 3511 1206 3583 fama
1227 3535 1403 3607 sequatur.

424 3625 522 3694 Haec
541 3647 772 3713 memorans,
796 3627 920 3695 animo
943 3651 1040 3697 nunc
1057 3628 1151 3716 huc,
1181 3653 1277 3700 nunc
1297 3630 1447 3703 fluctuat
1469 3636 1559 3709 illuc
1579 3671 1585 3705 .-

363 3736 422 3810 An
445 3766 520 3817 sese
537 3744 709 3810 mucrone
729 3740 778 3808 ub
797 3759 937 3811 tanturn
959 3743 1113 3817 dedecus
1131 3769 1256 3820 amens

365 3855 518 3942 Induat,
545 3872 580 3925 et
599 3856 750 3925 crudum
772 3880 835 3948 per
854 3877 969 3930 costas
989 3859 1105 3956 exigat
1123 3885 1270 3930 ensem:

364 3969 551 4040 Fluctibus
569 3996 614 4039 an
630 3972 736 4066 jaciat
755 3972 907 4059 mediis,
936 3993 971 4043 et
989 3976 1091 4058 litora
1112 3976 1234 4045 nando

364 4083 480 4153 Curva
500 4103 618 4178 perat,
639 4086 893 4177 Teucrumque
916 4088 1044 4159 iterum
1066 4115 1102 4160 se
1122 4092 1247 4162 reddat
1268 4094 1304 4160 in
1324 4119 1432 4167 arma.

364 4197 436 4268 Ter
456 4217 608 4269 conatus
628 4221 816 4293 utramque
836 4205 931 4273 viam
954 4233 961 4269 :
991 4222 1042 4277 ter
1061 4231 1233 4277 maxuma
1248 4208 1348 4294 Juno

364 4313 557 4383 Continuit
575 4345 582 4390 ς
602 4317 865 4411 juvenemque,
891 4319 1003 4387 animi
1024 4322 1205 4410 miserata,
1227 4327 1400 4416 repressit.

362 4428 512 4497 Labitur
532 4432 600 4499 alta
620 4456 739 4500 secans
757 4431 941 4525 {luctuque
962 4455 1133 4528 aestuque
1155 4439 1334 4510 secundo:

361 4543 407 4613 Et
425 4546 533 4639 patris
550 4548 736 4639 antiquam
755 4546 875 4617 Dauni
895 4548 1047 4622 defertur
1065 4554 1111 4621 ad
1132 4553 1269 4624 urbem.
