3750 6217
117 5259 315 5623 'l

343 703 421 777 186
552 696 1341 776 AENEIDOSIV.v..61.

336 863 533 935 Candentis
549 887 672 932 vaccae
691 862 812 931 media
829 862 919 933 inter
939 886 1071 933 cornua
1091 860 1234 934 fundit:

336 979 410 1050 Aut
429 996 510 1048 ante
531 1002 590 1046 ora
610 977 720 1047 deum
742 978 887 1074 pinguis
907 976 1076 1072 spatiatur
1095 979 1140 1049 ad
1160 1001 1250 1063 araS,

335 1094 583 1185 Instauratque
603 1092 702 1162 diem
721 1092 828 1163 donis
845 1123 853 1170 ;
884 1093 1142 1187 pecudumque
1161 1093 1306 1164 reclusis

335 1208 543 1285 Pectoribus
564 1207 703 1280 inhians
723 1209 890 1302 spirantia
909 1210 1065 1281 consulit
1083 1229 1171 1280 exta.

335 1325 418 1397 Heu
438 1343 559 1393 vatum
580 1324 716 1419 ignarae
736 1341 874 1395 mentes
902 1326 909 1392 !
941 1325 1030 1416 quid
1049 1344 1133 1397 vota
1153 1324 1356 1412 furentem,

336 1440 438 1545 Quid
457 1438 602 1507 delubra
618 1443 745 1534 juvant
769 1440 785 1506 ?
815 1457 868 1509 est
886 1439 1010 1510 mollis
1028 1440 1174 1512 flamma
1193 1439 1371 1514 medullas

334 1556 496 1640 Interea,
517 1571 552 1625 et
570 1556 718 1624 tacitum
735 1555 823 1623 vivit
843 1554 909 1623 sub
930 1571 1073 1647 pectore
1091 1558 1233 1639 volnus,

334 1670 453 1742 Uritur
472 1668 596 1738 infelix
614 1667 733 1755 Dido,
757 1686 903 1761 totaque
920 1688 1064 1766 vagatur

334 1785 431 1856 Urbe
450 1782 569 1855 furens
589 1811 598 1854 ι
628 1784 744 1878 qualis
761 1785 920 1881 conjecta
939 1809 1037 1854 cerva
1056 1787 1201 1882 sagitta,

335 1901 461 2008 Quam
480 1901 607 1993 procul
626 1900 803 1970 incautam
823 1924 970 1969 nemora
990 1902 1079 1970 inter
1099 1900 1217 1971 Cresia
1234 1900 1311 1971 fixit

335 2017 459 2088 Pastor
479 2039 584 2111 agens
602 2017 703 2103 telis,
725 2014 906 2107 liquitque
924 2017 1071 2085 volatile
1091 2013 1222 2087 ferrum

334 2132 484 2203 Nescius
509 2158 517 2197 z
548 2129 607 2197 illa
627 2127 710 2225 fuga
730 2131 833 2199 silvas
851 2131 1032 2221 saltusque
1049 2149 1208 2228 peragrat

336 2246 507 2319 Dictaeos
528 2273 536 2312 :
566 2245 682 2315 haeret
700 2245 797 2314 lateri
816 2245 929 2316 letalis
946 2246 1095 2322 arundo.

334 2361 442 2432 Nunc
459 2359 579 2430 media
598 2358 744 2430 Aenean
764 2384 884 2430 secum
905 2384 969 2453 per
985 2362 1132 2432 moenia
1150 2359 1272 2450 ducit,

335 2475 574 2567 Sidoniasque
594 2493 745 2547 ostentat
766 2500 875 2569 opes,
899 2474 1099 2570 urbemque
1119 2471 1289 2569 paratam

334 2592 471 2685 Incipit
489 2590 604 2679 ellari,
631 2591 824 2684 mediaque
846 2591 883 2659 in
905 2616 993 2662 voce
1015 2592 1150 2663 resistit.

334 2708 442 2777 Nunc
461 2705 608 2795 eadem,
632 2706 773 2777 labente
797 2706 877 2794 die,
901 2706 1064 2777 convivia
1082 2708 1243 2799 quaerit,

334 2822 540 2914 Iliacosque
558 2822 685 2892 itemm
704 2822 853 2894 demens
870 2822 990 2894 audire
1008 2822 1147 2893 labores

333 2938 530 3033 Exposcit,
557 2937 763 3031 pendetque
783 2938 911 3010 iterum
932 2939 1101 3010 nanantis
1120 2938 1166 3007 ab
1188 2962 1258 3009 ore.

333 3054 447 3149 Post,
466 3052 529 3123 ubi
550 3054 715 3151 digressi,
738 3054 935 3148 lumenque
957 3052 1107 3126 obscura
1124 3053 1283 3126 vicissim

334 3169 439 3239 Luna
459 3168 611 3260 premit,
637 3168 858 3261 suadentque
878 3170 1039 3241 cadentia
1060 3171 1171 3241 sidera
1189 3181 1368 3258 somnos,

334 3283 418 3353 Sola
439 3283 553 3350 domo
573 3300 704 3352 maeret
720 3307 848 3368 vacua,
868 3285 1052 3375 stratisque
1071 3285 1198 3354 relictis

334 3397 496 3469 Incubat.
538 3396 642 3464 illum
663 3395 789 3466 absens
805 3398 989 3468 absentem
1008 3399 1179 3488 auditque
1198 3396 1396 3489 videtque,

335 3511 409 3594 Aut
429 3510 564 3607 gremio
585 3507 801 3597 Ascanium,
824 3512 991 3607 genitoris
1010 3512 1163 3607 imagine
1183 3527 1306 3601 capta,

335 3628 501 3714 Detinet,
521 3622 712 3696 infandum
732 3625 759 3695 si
778 3623 896 3695 fallere
916 3626 1031 3719 possit
1048 3648 1218 3694 amorem.

335 3744 424 3815 Non
442 3760 590 3836 coeptae
610 3741 802 3839 adsurgunt
819 3759 947 3820 turres;
972 3765 1049 3810 non
1068 3765 1163 3809 anna
1176 3741 1345 3836 juventus

336 3862 483 3938 Exercet
499 3891 510 3946 ᾗ
535 3877 702 3952 portusve
722 3874 782 3928 aut
800 3858 1069 3955 propugnacula
1087 3854 1188 3926 bello

336 3977 431 4046 Tuta
451 3992 576 4070 parant
599 4000 606 4040 :
636 3972 797 4066 pendent
817 3997 923 4066 opera
949 3974 1168 4064 interrupta,
1190 3972 1382 4066 minaeque

335 4092 524 4164 lllurorum
546 4088 730 4184 ingentes,
751 4106 972 4181 aequataque
994 4088 1159 4158 machina
1179 4088 1294 4159 coelo.

337 4206 460 4309 Quam
486 4204 595 4274 simul
620 4226 660 4272 ac
681 4203 743 4278 tali
764 4204 937 4297 persensit
957 4221 1056 4298 peste
1079 4205 1190 4274 teneri

337 4322 425 4390 Cara
443 4319 543 4407 Jovis
562 4321 742 4415 conjunx,
765 4344 831 4390 nec
856 4317 990 4402 lamam
1013 4319 1150 4389 obstare
1172 4316 1308 4395 furori;

336 4436 487 4526 ''Ialibus
507 4433 707 4531 adgreditur
728 4434 906 4505 Venerem
925 4433 1083 4506 Satumia
1104 4433 1228 4502 dictis:

390 4552 577 4652 Egregiaur
597 4574 679 4626 vero
698 4550 844 4630 laudern
863 4568 897 4624 et
916 4549 1034 4644 spolia
1058 4550 1178 4661 ampla
1199 4545 1331 4623 refertis
