3750 6217
374 675 454 820 aas
565 710 1011 805 nanninus
1067 713 1151 796 vl.
1210 747 1243 792 e.
1295 739 1383 814 rsr.

371 895 549 967 Adversus
566 889 701 992 legere,
729 911 764 964 et
785 893 996 962 venientum
1018 889 1150 960 discere
1170 888 1301 990 soltus.

429 1011 537 1082 Nunc
557 1035 641 1107 age,
663 1008 878 1079 Dardaniam
897 1005 1039 1101 prolem
1060 1016 1151 1097 quae
1171 1002 1302 1073 deinde
1323 1019 1492 1098 sequatur·

372 1125 518 1215 Gloria,
538 1126 603 1219 qui
621 1137 791 1194 maneant
809 1111 899 1193 Itala
918 1121 964 1192 de
982 1138 1085 1217 gente
1105 1136 1278 1213 nepotes,
1352 1181 1355 1186 .

372 1240 536 1312 Inlustris
555 1241 715 1328 animas,
739 1255 978 1328 nostrumque
998 1236 1034 1304 in
1055 1244 1191 1305 nomen
1213 1234 1341 1326 ituras,

370 1355 575 1450 Expediam
595 1355 720 1442 dictis,
743 1372 779 1424 et
797 1372 832 1425 te
849 1370 911 1422 nra
930 1349 1000 1422 fata
1020 1350 1173 1421 docebo.

372 1471 462 1558 Ille,
485 1469 611 1558 vides,
637 1482 724 1564 pura
740 1453 883 1566 juvenis
904 1466 966 1560 qui
989 1451 1112 1538 nititur
1130 1453 1251 1553 hasta,

371 1583 554 1654 Proxuma
572 1603 665 1656 sorte
682 1600 778 1656 tenet
797 1584 887 1654 lucis
905 1581 1007 1661 loca:
1033 1582 1170 1677 primus
1188 1581 1234 1651 ad
1251 1605 1352 1656 auras

369 1698 550 1770 Aetherias
568 1685 661 1772 Italo
680 1698 886 1770 conmixtns
906 1699 1077 1795 sanguine
1096 1703 1213 1795 'surget

370 1811 516 1903 Silvius,
539 1813 722 1884 Albanum
742 1837 901 1903 nomen,
927 1831 988 1884 tua
1007 1831 1177 1907 postuma
1198 1813 1341 1907 prolest

371 1919 495 2030 Quem
514 1928 580 2001 tibi
599 1931 776 2026 longaevo
798 1953 914 2000 serum
932 1927 1082 1997 Lavinia
1103 1929 1263 2025 conjunc

369 2041 508 2115 Educet
527 2044 623 2116 silvis
643 2069 784 2140 regem,
811 2053 1009 2140 regumque
1030 2060 1234 2136 parentem:

369 2155 476 2228 Unde
495 2183 606 2256 genus
625 2158 751 2255 Longa
770 2177 934 2264 nostrum
956 2139 1202 2230 dominabitur
1218 2138 1320 2229 Alba.-

369 2272 571 2346 Proxumus
590 2274 651 2343 ille
670 2273 817 2361 Procas,
839 2271 1016 2343 Troianae
1035 2274 1146 2371 gloria
1164 2274 1298 2370 gentis,

368 2387 415 2458 Et
433 2388 569 2484 Capys,
593 2406 627 2460 et
645 2389 832 2476 Numitor,
856 2406 890 2459 et
910 2389 1028 2481 quite
1050 2389 1201 2458 nomine
1221 2374 1345 2460 reddet

369 2499 499 2575 Silvius
516 2501 675 2593 Aeneas,
695 2504 824 2598 pariter
840 2503 973 2597 pietate
992 2506 1049 2574 vel
1068 2503 1174 2574 armis

367 2617 553 2716 Egregius,
577 2618 613 2690 si.
626 2643 803 2712 umquam
823 2601 1040 2716 regnandam
1060 2620 1238 2712 adceperit
1257 2603 1401 2690 Albamr

368 2729 449 2836 Qui
462 2736 613 2832 juvenes
631 2752 783 2826 quantas
803 2751 1007 2823 ostentant,
1028 2734 1195 2829 adspice,
1217 2735 1306 2807 vires
1322 2717 1330 2803 i

366 2845 500 2941 Atqui
520 2848 681 2920 umbrata
701 2868 827 2947 gerunt
846 2849 942 2919 civili
963 2869 1127 2945 tempora
1147 2874 1300 2942 quercu,

366 2951 417 3032 Hi
435 2961 502 3036 tibi
523 2963 777 3053 Nomentum,
797 2981 832 3035 et
852 2951 1008 3055 Gabios,
1028 2966 1227 3060 urbemque
1246 2960 1439 3057 Fidenam,

366 3065 417 3147 Hi
438 3077 635 3151 Collatinas
655 3081 834 3175 inponent
851 3080 1041 3181 montibus
1060 3105 1171 3171 arces,

367 3193 571 3285 Pometios,
591 3194 828 3288 Castmmque
848 3194 953 3284 Inui,
974 3197 1196 3290 Bolamque,
1221 3195 1436 3291 Coramque·

365 3307 464 3379 Haec
482 3329 562 3380 tum
582 3310 733 3380 nomina
754 3328 877 3396 erunt,
899 3336 998 3381 nunc
1019 3331 1101 3383 sunt
1119 3314 1195 3383 sine
1215 3313 1366 3383 nomine
1387 3332 1506 3386 terrae.

366 3423 468 3527 Quin
489 3442 524 3495 et
543 3451 609 3494 avo
631 3425 804 3495 comitem
825 3451 898 3496 sese
919 3409 1117 3499 Mavortius
1135 3428 1239 3500 addit

364 3537 571 3615 Romulus;
602 3537 756 3609 Assaraci
778 3566 889 3632 quem
911 3535 1090 3638 sanguinis
1110 3544 1176 3612 Ilia
1196 3564 1307 3615 mater

363 3653 512 3726 Educet.
538 3654 673 3723 sviden’
695 3673 733 3724 ut
751 3657 914 3752 geminae
935 3675 1026 3727 stant
1043 3661 1170 3730 vertice
1190 3661 1331 3748 cristae,

363 3770 408 3841 Et
427 3787 526 3864 pater
543 3769 620 3865 ipse
641 3794 706 3841 suo
727 3775 897 3864 superum
914 3775 991 3869 jam
1011 3774 1124 3870 signat
1143 3775 1313 3844 honore?

361 3884 435 3974 En,
457 3886 580 3982 hujus,
601 3903 704 3973 nate,
724 3887 893 3980 auspiciis
913 3889 976 3959 illa
992 3891 1124 3960 incluta
1144 3891 1265 3961 Roma

362 4002 563 4095 Imperium
581 4000 698 4088 terris,
720 4001 862 4074 animos
882 4005 1050 4097 aequabit
1069 4007 1258 4099 Olymp0,

360 4117 580 4211 Septemque
599 4142 671 4185 nna
691 4116 759 4187 sibi
781 4145 885 4189 muro
906 4120 1139 4193 circumdabit
1158 4141 1274 4210 arces,

360 4232 460 4305 Felix
480 4232 582 4324 prole
599 4232 716 4302 virum
739 4262 746 4300 :
778 4240 893 4330 qualis
912 4225 1116 4332 Berecyntia
1136 4258 1247 4308 mater

360 4346 542 4420 Invehitur
560 4373 661 4422 curru
683 4347 849 4451 Phrygias
867 4357 988 4427 turrita
1009 4384 1072 4450 per
1090 4351 1213 4438 urbm,

353 4467 465 4540 Laeta
484 4461 595 4533 (lesam
613 4486 739 4562 partu,
763 4490 908 4541 centum
930 4475 1107 4565 conplexa
1125 4487 1296 4566 nepotes,

357 4581 490 4656 Omnis
511 4571 722 4674 coelicolas,
748 4576 869 4659 omnis
890 4607 1014 4682 supera
1032 4590 1100 4660 alta
1119 4587 1280 4661 tenentis.
