3750 6217
413 709 1244 858 onono1cour.e3n
1384 783 1432 853 n

229 926 417 1003 Nescivere
437 929 598 1026 hiemem
621 957 630 999 ε
646 931 748 1002 'testa
771 952 887 1024 quom
906 926 1050 999 ardente
1068 923 1228 995 viderent

229 1043 428 1117 Scintillare
449 1045 594 1134 oleum,
609 1030 658 1117 et
676 1044 792 1139 putris
813 1066 1033 1114 concrescere
1055 1039 1195 1138 fungos.

288 1159 364 1231 Nec
384 1160 507 1231 minus
526 1183 571 1229 ex
589 1159 698 1230 imbri
719 1160 814 1232 soles
837 1176 873 1228 et
892 1175 1013 1251 aperta
1032 1179 1151 1229 serena

230 1275 462 1371 Prospicere,
489 1292 526 1346 et
543 1274 645 1347 certis
662 1274 799 1368 poteris
816 1296 1029 1370 cognoscere
1051 1270 1180 1368 signis=

229 1389 326 1462 Nam
347 1414 468 1484 neque
484 1406 567 1460 tum
587 1388 701 1461 stellis
720 1387 811 1459 acies
832 1386 986 1458 obtunsa
1001 1387 1162 1464 videturr

230 1503 308 1577 Nec
329 1503 441 1576 fratris
461 1503 569 1575 radiis
591 1503 752 1576 obnoxia
775 1527 912 1600 surgere
933 1500 1062 1583 Luna;

231 1617 374 1691 Tenuia
393 1643 459 1690 nec
481 1618 583 1689 lanae
601 1642 665 1714 per
684 1617 832 1689 coelum
847 1618 980 1688 <vellera
1004 1615 1093 1688 ferri.
1111 1708 1114 1714 Α

232 1735 320 1806 Non
337 1733 501 1829 tepidum
521 1732 568 1804 ad
588 1734 706 1806 solem
725 1755 863 1827 pennas
882 1731 921 1801 in
938 1731 1042 1802 litore
1059 1728 1225 1827 pandunt
1297 1812 1302 1826 .

232 1847 390 1921 Dilectae
411 1847 557 1920 Thetidi
576 1850 771 1944 alcyones:
802 1871 879 1917 non
897 1871 958 1917 ore
978 1848 1119 1918 solutos

233 1963 408 2037 Inmundi
429 1963 626 2035 meminere
648 1987 728 2036 sues
742 1963 872 2060 jactare
891 1961 1087 2056 maniplos.

231 2080 281 2152 At
298 2079 451 2151 nebulae
471 2080 585 2178 magis
611 2079 685 2149 ima
705 2094 861 2173 petunt,
881 2100 1087 2171 campoque
1109 2075 1343 2149 recumbuntr

232 2193 326 2267 Solis
345 2213 381 2267 et
401 2195 567 2267 occasum
589 2218 729 2267 servans
745 2191 791 2264 de
810 2191 971 2262 culmine
989 2216 1135 2285 summo
1202 2197 1205 2205 '

231 2309 494 2404 Nequidquam
517 2334 612 2383 seros
636 2326 773 2380 exercet
790 2325 924 2379 noctua
948 2324 1082 2379 cantus.

232 2424 392 2520 Adparet
410 2424 555 2519 liquido
574 2424 740 2497 sublimis
759 2423 798 2494 in
815 2432 893 2493 aere
910 2421 1040 2512 Nisus,

232 2540 279 2612 Et
299 2532 569 2637 pro'purptireo
590 2564 727 2636 poenos
748 2538 811 2613 dat
829 2536 945 2632 Scylla
966 2539 1109 2632 capillo.

233 2655 475 2762 Quacumque
498 2654 560 2728 illa
581 2656 699 2727 levem
720 2652 861 2752 fugiens
883 2671 974 2724 secat
993 2654 1129 2724 aethera
1147 2651 1300 2745 pennis,

233 2769 324 2842 Ecce
342 2770 532 2861 inimicus,
552 2789 677 2860 atrox,
703 2793 839 2867 magno
860 2767 1007 2840 stridore
1030 2793 1093 2862 per
1112 2793 1212 2840 auras

233 2869 440 2978 Insequitur
464 2884 574 2959 Nisus
597 2913 606 2954 ι
635 2910 708 2979 qua
730 2908 768 2957 se
787 2881 854 2955 fert
872 2882 981 2956 Nisus
1003 2882 1049 2953 ad
1070 2908 1189 2972 auras,

233 2999 303 3071 Illa
320 3001 438 3070 levem
454 2997 594 3097 lugiens
611 3001 742 3095 raptim
762 3016 855 3072 secat
874 2998 1011 3069 aethera
1030 2997 1172 3094 pennis.

234 3114 337 3185 Turrl
356 3113 515 3206 liquidas
534 3115 631 3184 corvi
649 3139 770 3209 presso
791 3133 843 3186 ter
863 3131 1001 3211 gutture
1019 3137 1148 3202 voces,

234 3228 312 3301 Aut
334 3245 479 3323 quater,
501 3226 750 3328 ingeminant:
779 3248 815 3301 et
839 3253 946 3323 saepe
966 3213 1147 3302 cubilibus
1169 3226 1268 3319 ahie,

236 3342 367 3416 Nescio
389 3367 462 3437 qua
484 3362 622 3437 praeter
640 3345 791 3438 solitum
813 3344 1004 3416 dulcedine
1024 3346 1130 3434 laeti,

231 3459 331 3530 Inter
350 3483 386 3530 se
409 3458 448 3529 in
467 3456 568 3531 foliis
587 3459 774 3555 strepitant
792 3487 802 3532 r
826 3462 929 3557 juvat
950 3458 1126 3533 imbribus
1146 3460 1232 3531 actis

233 3572 446 3673 Progeniem
464 3599 614 3669 parvam
636 3574 826 3669 dulcisque
844 3575 990 3648 revisere
1008 3575 1126 3648 nidos.

231 3687 364 3777 Haud,
385 3689 559 3783 equidem
577 3689 705 3779 credo,
732 3690 819 3784 quia
838 3691 883 3763 sit
901 3691 1061 3765 divinius
1080 3692 1153 3764 illis

233 3802 452 3901 Ingenium.
478 3822 540 3876 aut
559 3828 676 3875 rerum
696 3802 771 3876 fato
791 3806 983 3902 prudentia
1000 3809 1126 3904 major.

231 3916 398 4006 Verum,
424 3917 705 4013 ubi'tempestas
726 3939 763 3993 et
784 3921 877 3992 coeli
897 3922 1048 3993 mobilis
1069 3922 1201 3994 humor

232 4031 417 4102 Mutavere
434 4032 556 4122 vices,
578 4050 614 4105 et
628 4031 796 4131 Juppiter
814 4036 945 4109 uvidus
961 4036 1099 4109 Austris

233 4145 396 4235 Denset‚
419 4166 517 4219 erant
536 4172 626 4240 quae
645 4174 719 4220 rara
737 4150 878 4241 modo,
903 4171 960 4243 et,
982 4177 1074 4246 quae
1092 4150 1223 4234 densa.
1245 4152 1399 4234 relaxatr

233 4258 434 4332 Vertuntur
453 4261 591 4357 species
607 4261 834 4356 animorum,
859 4285 894 4337 et
914 4286 1060 4362 pectora
1078 4285 1203 4345 motus

232 4374 341 4446 Nunc
364 4376 481 4467 alios,
507 4378 625 4469 alios,
646 4378 737 4450 dum
756 4382 881 4454 nubila
898 4400 1025 4454 ventus
1042 4381 1186 4481 agebat,

234 4488 466 4586 concipiunt
504 4493 589 4566 hinc
606 4495 668 4566 ille
687 4495 810 4567 avium
830 4515 1027 4588 concentus
1046 4498 1084 4567 in
1104 4497 1214 4594 agris,

234 4604 280 4678 Et
299 4607 411 4683 laetae
432 4609 615 4706 pecudes,
647 4628 683 4684 et
705 4630 851 4685 ovantes
877 4630 1017 4709 gutture
1040 4611 1148 4688 corvi.
