3750 6217
427 673 430 679 Ι
522 698 969 782 AENEID'OS
1027 710 1092 780 11.
1150 736 1184 782 v.
1234 732 1322 798 721.
1462 733 1537 805 159

331 874 442 950 Veste
463 901 570 971 super
586 874 750 971 fulvique
769 875 945 946 insternor
963 877 1059 969 pelle
1079 876 1218 952 leonis;

252 1084 254 1090 Ι
331 992 568 1085 Succedoque
589 994 697 1063 oneri.
734 990 877 1062 dextrae
898 1015 934 1062 se
956 1016 1083 1084 parvus
1103 992 1204 1062 Iulus

332 1108 527 1203 Inplicuit,
551 1108 786 1201 sequiturque
804 1125 943 1200 patrem
964 1129 1041 1195 non
1058 1106 1221 1202 passibus
1240 1106 1381 1200 aequis:

331 1222 437 1293 Pone
458 1223 555 1294 subit
574 1225 745 1319 conjunrc
784 1219 931 1292 ferimur
947 1245 1011 1316 per
1033 1246 1145 1316 opaca
1164 1224 1339 1293 locorum.

332 1336 377 1409 Et
394 1363 476 1427 me,
499 1363 611 1431 quem
633 1337 774 1409 dudur'n
793 1360 869 1406 non
891 1337 964 1407 ulla
986 1322 1113 1436 injecta
1130 1336 1327 1408 movebant

334 1453 447 1543 Tela,
469 1478 588 1547 neque
610 1452 755 1526 adverso
777 1452 963 1550 glomerati
981 1477 1025 1522 ex
1044 1452 1188 1551 agmine
1206 1451 1325 1539 Graii,

334 1568 443 1639 Nunc
465 1593 593 1641 omnes
608 1586 737 1640 terrent
756 1591 859 1637 aurae
882 1594 890 1635 :
919 1591 1030 1641 sonus
1050 1568 1178 1640 excitat
1197 1568 1318 1639 omnis

333 1682 576 1779 Suspensum,
601 1702 635 1755 et
655 1683 783 1777 paritet
799 1682 999 1777 comitique
1022 1683 1195 1782 onerique
1214 1683 1414 1755 timentem.

387 1797 545 1895 Jamque
565 1797 860 1894 propinquabam
880 1797 1016 1891 portis,
1038 1822 1263 1902 omnemque
1281 1797 1426 1877 videbas

335 1914 496 1989 Evasisse
515 1915 653 1992 vicem;
678 1912 797 1984 subito
819 1937 935 2005 quom
956 1914 1074 1985 creber
1091 1913 1137 1984 ad
1156 1913 1248 1984 auris

335 2027 446 2101 Visus
463 2028 584 2101 adesse
603 2027 742 2123 pedum
762 2028 902 2100 sonitus
924 2055 932 2095 r
963 2028 1174 2125 genitorque
1192 2053 1256 2122 per
1275 2027 1444 2099 umbram

334 2144 586 2238 Prospiciens,
607 2144 725 2233 Nate,
750 2144 949 2232 exclamat,
969 2141 1075 2242 suge,
1101 2160 1205 2222 nater
1224 2144 1481 2237 propinquant,

332 2256 499 2331 Ardentis
517 2261 677 2354 clipeos,
702 2277 809 2353 atque
829 2283 906 2328 aera
923 2259 1094 2333 micantia
1111 2282 1228 2333 cerno.

333 2368 403 2445 Hic
423 2375 513 2445 mihi
534 2375 656 2446 nescio
678 2373 781 2467 quod
798 2372 944 2468 trepido
965 2377 1059 2446 male
1080 2398 1219 2444 numen
1240 2375 1399 2457 amicum

335 2487 535 2561 Confusam
556 2476 694 2584 eripultv
704 2507 876 2561 mentem.
913 2513 1075 2584 namque
1094 2489 1170 2561 avia
1189 2513 1293 2562 cursu

335 2601 438 2679 Dum
456 2630 610 2698 sequor,
631 2624 666 2678 et
683 2625 770 2677 nota
791 2605 927 2677 excedo
946 2606 1091 2704 regione
1110 2605 1247 2675 vianrm
1265 2636 1275 2686 3

336 2716 446 2788 Heu!
476 2720 607 2792 misero
628 2723 789 2819 conjunx
806 2719 928 2792 latone
948 2720 1067 2815 erepta
1087 2718 1217 2830 Creiisa

335 2829 521 2924 Substitit,
541 2836 710 2907 erravitne
729 2836 808 2925 via,
831 2861 894 2908 seu
913 2837 1003 2908 lassa
1018 2835 1165 2925 resedit,

339 2948 524 3025 Incertum
541 2980 549 3028 ;
582 2974 647 3031 nec
667 2969 753 3045 post
769 2953 883 3031 oculis
901 2969 954 3024 est
972 2951 1108 3030 reddita
1126 2952 1275 3023 nostris:

336 3063 415 3135 Nec
434 3063 532 3158 prius
551 3064 895 3160 amissam'respexi,
917 3067 1126 3137 animumve
1146 3064 1288 3155 reflexi,

337 3178 461 3284 Quam
481 3181 664 3255 tumulum
685 3182 852 3274 antiquae
872 3180 1007 3254 Cereris
1026 3182 1224 3275 sedemque
1246 3197 1413 3253 sacratam

335 3292 527 3367 Venimus.
564 3289 620 3364 hic
638 3296 788 3371 demum
807 3297 978 3379 conlectis
999 3297 1171 3373 omnibus
1189 3322 1261 3369 una

336 3408 485 3489 Defult;
511 3429 546 3482 et
565 3413 742 3500 comites,
764 3430 984 3507 natumque,
1005 3413 1197 3506 virumque
1217 3410 1353 3485 fefellit

337 3522 460 3632 Quem
481 3549 557 3600 non
577 3525 734 3600 incusavi
752 3551 877 3599 amens
893 3529 1163 3620 hominumque
1184 3527 1441 3621 deorumque?

337 3638 410 3711 Aut
429 3639 518 3733 quid
536 3641 575 3711 in
595 3665 712 3717 eversa
729 3643 805 3715 vidi
824 3643 1003 3716 crudelius
1021 3643 1141 3717 urbe?

336 3752 557 3845 Ascanium,
579 3755 846 3853 Anchisemque
866 3777 1024 3853 patrem,
1045 3759 1277 3851 Teucrosque
1295 3755 1437 3829 Penatis

338 3869 560 3940 Conmendo
582 3872 707 3961 sociis,
730 3893 772 3946 et.
785 3898 889 3944 curva
907 3875 1000 3945 valle
1018 3874 1187 3945 recondo.
1219 3856 1221 3860 ὗ
1239 3912 1243 3925 ¹

338 3983 422 4079 Ipse
439 3985 566 4056 urbem
585 4003 732 4080 repeto,
754 4007 790 4065 et
806 3988 931 4089 cingor
947 3988 1167 4086 fulgentibus
1184 3988 1299 4062 annis.

338 4096 413 4173 Stat
432 4125 533 4173 casus
550 4124 716 4187 renovare
737 4104 876 4194 omnis,
902 4128 1126 4199 omnemque
1143 4105 1267 4178 reverti

340 4213 406 4287 Per
425 4215 593 4306 Troiam;
618 4234 654 4288 et
672 4241 789 4293 rursus
807 4237 915 4315 caput
932 4219 1106 4319 objectare
1127 4219 1278 4315 periclis,

339 4331 523 4426 Principio
541 4357 666 4405 muros
687 4333 908 4430 obscuraque
927 4335 1055 4415 limina
1074 4355 1221 4431 portae,

339 4444 425 4549 Qua
444 4472 599 4545 gressum
620 4451 840 4540 extuleram,
860 4468 1007 4544 repeto.;
1030 4470 1064 4523 et
1082 4451 1228 4549 vestigia
1245 4469 1337 4523 retro

340 4559 535 4655 Observata
554 4587 684 4658 sequor
705 4590 769 4660 per
787 4584 961 4657 noctem,
984 4584 1020 4639 et
1038 4568 1177 4641 lumine
1194 4569 1318 4639 lustro.
