3750 6217
719 718 869 771 ιω
1142 692 2029 768 AENEIDOS
2145 694 2201 769 Ι.
2318 718 2384 767 v.
2494 690 2673 783 285⁶

706 863 1002 936 Servitio
1044 880 1362 959 premet,
1403 885 1482 934 ac
1519 860 1723 933 victis
1761 860 2256 931 dominabitur
2290 854 2509 957 Argis.

705 980 1050 1051 Nascetur
1087 978 1380 1073 pulchra
1418 977 1775 1048 Troianus
1811 976 2082 1073 origine
2123 975 2418 1063 Caesar,

705 1094 1106 1189 Imperium
1145 1093 1440 1164 Oceano
1463 1148 1484 1181 ,
1525 1090 1794 1168 famam
1831 1095 1958 1184 qui
1997 1090 2329 1161 terminet
2365 1090 2561 1163 astris
2582 1142 2609 1181 ,

696 1211 971 1309 JuliuS,
1016 1234 1056 1279 a
1092 1234 1359 1307 magno
1400 1209 1796 1279 demissum
1832 1231 2109 1279 nomen
2149 1207 2334 1283 Iino.

704 1327 922 1396 Hunc
961 1342 1041 1395 tu
1085 1324 1266 1395 olim
1307 1325 1518 1397 coelo
1542 1377 1564 1412 ‚
1617 1322 1872 1417 spoliis
1906 1321 2225 1394 Orientis
2266 1340 2655 1412 onustum,
2688 1368 2695 1375 -

701 1440 1054 1533 Adcipies'
1080 1464 1335 1511 secura.
1405 1438 1776 1510 vocabitur
1811 1437 1925 1507 hic
1967 1462 2270 1531 quoque
2303 1437 2513 1510 votis.

703 1555 973 1649 Aspera
1012 1577 1171 1626 tum
1209 1556 1464 1649 positis
1497 1553 1877 1624 mitescent
1911 1553 2189 1624 saecula
2225 1551 2452 1629 bellis.

706 1672 904 1741 Cana
943 1670 1152 1741 Fides
1175 1726 1195 1759 ‚
1244 1690 1313 1744 et
1350 1660 1615 1758 Vesta,
1657 1668 1892 1738 Remo
1936 1693 2103 1738 cum
2138 1666 2342 1740 fratre
2382 1666 2731 1772 Quirinus

695 1786 868 1881 Jura
911 1784 1188 1857 dabunt
1219 1812 1234 1853 ε
1294 1786 1481 1856 dirae
1517 1768 1694 1855 ferri>
1736 1801 1807 1855 et
1845 1782 2296 1881 conpagibus
2332 1783 2495 1855 artis

706 1901 1152 1971 Claudentur
1187 1900 1368 1972 Belli
1404 1918 1651 1995 portae
1691 1929 1708 1974 ε
1768 1899 1992 1970 Furor
2031 1899 2273 1993 inpius
2312 1899 2505 1970 intus

705 2015 922 2089 Saeva
959 2016 1209 2088 sedens
1246 2041 1459 2111 super
1495 2040 1685 2085 arma
1711 2069 1732 2105 ,
1776 2031 1846 2085 et
1882 2031 2171 2085 centum
2202 2014 2481 2086 vinctus
2519 2014 2715 2085 aenis

704 2132 884 2203 Post
920 2150 1199 2229 tergum
1235 2131 1448 2205 nodis
1474 2186 1495 2220 ‚
1538 2129 1788 2202 fremet
1824 2130 2152 2201 horridus
2190 2155 2311 2202 ore
2346 2146 2659 2205 cruento·

823 2246 1016 2317 Haec
1057 2247 1153 2317 ait
1199 2274 1212 2314 ε
1273 2264 1342 2317 et
1381 2246 1569 2317 Maia
1605 2246 1931 2344 genitum
1970 2243 2289 2316 demittit
2328 2245 2420 2316 ab
2456 2244 2649 2323 alto;

705 2362 806 2434 Ut
839 2380 1094 2448 terrae,
1145 2378 1374 2456 utque
1409 2386 1639 2432 novae
1677 2380 1967 2456 pateant
2006 2359 2446 2460 Carthaginis
2485 2382 2670 2431 arces

703 2476 1053 2571 Hospitio
1094 2477 1387 2549 Teucris
1421 2505 1436 2547 ε
1496 2502 1589 2547 ne
1622 2476 1746 2547 fati
1783 2476 2017 2549 nescia
2056 2475 2255 2546 Dido

704 2591 1007 2664 Finibus
1043 2611 1301 2665 arceret
1336 2621 1352 2667 ς
1411 2594 1610 2665 volat
1650 2593 1770 2662 ille
1810 2617 1936 2687 per
1977 2604 2130 2662 ae'ra
2169 2615 2519 2690 magnum

704 2706 1042 2805 Remigio
1086 2709 1354 2779 alarum
1377 2762 1400 2798 ,
1445 2733 1524 2778 ac
1565 2707 1833 2802 Libyae
1869 2708 2049 2779 citus
2084 2707 2356 2778 adstitit
2395 2706 2553 2778 oris.

703 2822 802 2903 Et
823 2825 977 2921 jam
1008 2824 1202 2921 jussa
1237 2820 1404 2896 facit
1441 2850 1458 2892 ι
1517 2840 1952 2918 ponuntque
1991 2820 2253 2894 ferocia
2293 2821 2520 2892 Poeni

708 2937 986 3026 Corda,
1028 2939 1316 3010 volente
1356 2940 1517 3013 deo,
1598 2939 1675 3009 in
1713 2939 1967 3034 primis
2004 2938 2244 3035 regina
2286 2938 2613 3033 quietum

704 3051 1003 3147 Adcipit
1035 3054 1113 3129 in
1151 3053 1469 3128 Teucros
1505 3054 1838 3125 animum
1860 3107 1882 3143 ,
1932 3071 2403 3147 mentemque
2441 3051 2855 3149 benignam.

821 3167 920 3241 At
956 3170 1120 3263 pius
1158 3167 1433 3242 Aeneas
1463 3225 1483 3260 ,
1533 3195 1661 3262 per
1693 3188 1988 3242 noctem
2024 3169 2339 3263 plurima
2372 3170 2712 3255 volvens,

706 3283 808 3355 Ut
837 3282 1162 3377 primum
1200 3282 1330 3353 lux
1361 3286 1552 3355 alma
1590 3284 1753 3356 data
1793 3302 1935 3373 est,
1972 3283 2158 3354 exire
2183 3338 2204 3374 ,
2250 3287 2599 3379 locosque

704 3399 1095 3492 Explorare
1134 3410 1368 3469 no'vos
1399 3429 1417 3478 ι
1465 3423 1645 3492 quas
1678 3418 1896 3469 vento
1938 3399 2314 3471 adcesserit
2353 3423 2555 3486 oras,

708 3513 869 3618 Qui
908 3528 1194 3584 teneant
1214 3565 1237 3601 ,
1281 3536 1454 3583 nam
1495 3514 1763 3586 inculta
1801 3515 2036 3605 videt,
2084 3515 2510 3587 hominesne
2535 3566 2558 3602 ,
2607 3510 2883 3583 feraene
2914 3563 2940 3602 ,

708 3627 1069 3734 Quaerere
1108 3629 1480 3700 constituit
1510 3683 1531 3719 ,
1586 3628 1943 3722 sociisque
1983 3649 2223 3703 exacta
2261 3629 2524 3701 referre.

707 3744 1037 3817 Classem
1075 3743 1153 3814 in
1189 3768 1515 3823 convexo
1551 3769 1942 3816 nemorum
1965 3800 1986 3836 ,
2032 3746 2165 3817 sub
2204 3771 2396 3841 rupe·
2422 3764 2699 3832 cavata,

709 3858 1105 3932 Arboribus
1145 3860 1457 3932 clausam
1497 3861 1758 3932 circum
1802 3880 1870 3932 at
1930 3888 2018 3932 ue
2065 3861 2518 3936 horrentibus
2558 3858 2834 3932 umbris
