3750 6217
449 739 896 827 Aruernos
954 739 1038 826 IV.
1094 770 1130 822 e.
1177 752 1272 844 358.¹
1399 770 1478 849 ¹9⁵

271 916 407 993 Desine
426 933 561 1012 meque
577 920 649 992 tuls
669 916 856 991 incendere
873 926 983 1012 teque
1002 916 1174 1012 querelisr

273 1032 418 1109 Italiam
437 1059 515 1107 non
535 1053 667 1130 sponte
685 1054 825 1129 sequor.

331 1150 436 1221 Talia
452 1149 633 1221 dicentem
647 1140 869 1251 jamdudum
887 1172 1005 1219 aversa
1023 1161 1162 1237 tuetur,

274 1265 357 1338 Huc
378 1261 463 1337 illuc
482 1262 633 1339 volvens
652 1260 797 1355 oculos,
819 1275 1014 1356 totumque
1030 1276 1181 1357 pererrat
1261 1345 1265 1353 ,

275 1354 495 1454 Luminibus
513 1378 650 1472 tacitis,
676 1401 711 1454 et
732 1381 782 1454 sic
801 1373 952 1451 adcensa
971 1372 1156 1474 prolaturi

275 1497 353 1569 Nec
369 1497 436 1568 tibi
458 1496 539 1567 diva
560 1521 708 1592 parens,
731 1495 866 1596 generis
886 1518 953 1566 nec
971 1493 1158 1566 Dardanus
1177 1510 1323 1585 auctor,

275 1607 436 1692 Perfides
462 1608 525 1684 sed
547 1606 646 1685 duris
663 1611 786 1712 genuit
804 1630 840 1683 te
860 1602 1023 1682 cautibus
1039 1610 1200 1682 horrens·

275 1726 475 1817 Caucasus,
498 1725 755 1822 Hyrcanaeque
775 1726 970 1798 admorunt
989 1716 1097 1798 ubera
1116 1725 1231 1824 tigres.

275 1841 372 1915 Nam
394 1842 483 1936 quid
503 1840 715 1933 dissimulo,
736 1860 799 1914 aut
819 1867 912 1937 quae
930 1865 991 1912 me
1011 1840 1057 1911 ad
1076 1841 1210 1938 majora
1225 1841 1395 1913 reservo?

275 1957 378 2030 Num
398 1949 485 2030 fletu
505 1958 682 2056 ingemuit
701 1975 825 2030 nostro
850 1959 866 2029 Ρ
895 1972 987 2028 num
1006 1950 1143 2027 lumina
1164 1945 1296 2028 flexit?

276 2073 376 2146 Num
395 2075 556 2146 lacrimas
571 2071 686 2147 victus
704 2072 827 2163 dedit,
845 2090 907 2144 aut
923 2074 1109 2145 miseratus
1127 2090 1309 2142 amantem
1330 2071 1412 2145 est?

274 2188 381 2295 Quae
400 2190 534 2284 quibus
550 2188 743 2262 anteferam
766 2191 782 2260 Ρ
807 2190 884 2287 jam
898 2191 975 2288 jam
995 2210 1062 2258 nec
1077 2208 1248 2272 maxuma
1261 2184 1381 2279 Juno,

274 2303 351 2376 Nec
370 2301 553 2377 Saturnius
571 2305 659 2376 haec
678 2306 792 2377 oculis
812 2318 912 2399 pater
928 2302 1081 2397 adspicit
1098 2302 1231 2395 aequis.

273 2418 469 2515 Nusquam
488 2431 564 2491 tuta
583 2410 698 2492 fides.¹
722 2423 875 2518 ejectum
894 2420 1015 2508 litore,
1038 2434 1202 2516 egentem

274 2533 436 2631 Excepi,
458 2550 494 2608 et
509 2536 607 2635 regni
628 2534 777 2607 demens
797 2521 836 2604 in
855 2552 955 2629 parte
974 2528 1109 2605 locavi:

276 2647 455 2723 Amissam
474 2648 646 2741 classem,
666 2651 785 2722 s'ocios
804 2674 824 2719 a
841 2667 959 2720 morte
974 2645 1108 2719 reduxi.

275 2761 361 2835 Heu
382 2762 481 2836 furiis
498 2766 641 2838 incensa
660 2763 755 2836 feror
776 2766 784 2835 l
814 2757 911 2834 nunc
928 2784 1039 2862 augur
1054 2755 1191 2855 Apollo
1207 2777 1234 2861 ,Ἰ

277 2876 386 2950 Nunc
406 2869 536 2973 Lyciae
555 2896 684 2968 sortes,
704 2902 802 2951 nunc
821 2896 857 2950 et
869 2874 961 2967 Jove
980 2878 1111 2949 missus
1128 2877 1174 2946 ab
1191 2878 1276 2972 ipso

276 2992 454 3088 lnterpres
473 2990 599 3065 divbm
618 2992 684 3065 fert
700 2994 842 3065 horrida
858 2996 956 3092 jussa
975 3010 1041 3087 pet
1059 3011 1167 3063 auras.

274 3104 417 3180 Scilicet
436 3108 466 3180 is
484 3109 620 3203 superis
638 3107 740 3180 labor
756 3126 809 3182 est
832 3128 840 3179 ε
870 3130 911 3179 ea
930 3130 1012 3180 cura
1030 3108 1173 3202 quietos
1287 3132 1289 3137 ⁴

275 3220 461 3295 Sollicitat.
500 3238 620 3317 neque
638 3238 674 3295 te
693 3238 828 3315 teneo',
852 3240 972 3318 neque
991 3216 1086 3295 dicta
1103 3216 1239 3293 refello.

277 3337 319 3428 1,
339 3360 486 3432 sequere
507 3330 648 3410 Italiam
667 3338 783 3411 ventis
806 3355 814 3408 ἑ
839 3352 923 3434 pete
940 3362 1046 3438 regna
1065 3362 1130 3433 per
1146 3336 1270 3409 undas·

276 3448 387 3548 Spero
408 3449 581 3546 equidem
598 3443 750 3544 mediis,
773 3441 803 3526 si
824 3453 914 3548 quid
931 3442 992 3550 pla
1011 3445 1161 3525 numina
1180 3445 1357 3546 possunt,
1378 3502 1380 3507 «

275 3564 461 3664 Supplicia
478 3568 673 3640 hausurum
695 3570 878 3665 scopulis,
894 3562 1098 3659 etsnomine
1116 3563 1215 3640 Dido
1271 3564 1282 3577 ‘
1323 3584 1327 3591 '
1350 3552 1356 3560 ’

276 3679 389 3778 Saepe
407 3700 628 3756 vocaturum,
668 3705 795 3779 sequar
811 3685 893 3757 atris
913 3683 1056 3784 ignibus
1077 3684 1226 3757 absensr

278 3794 341 3888 Et,
364 3822 481 3891 quom
501 3797 627 3898 frigida
646 3822 746 3872 mors
765 3799 886 3872 anirna
906 3796 1083 3873 seduxerit
1102 3818 1216 3889 amre,

277 3910 464 3985 Omnibus
483 3913 611 3985 umbra
631 3915 722 3988 locis
743 3914 862 3987 adero.
898 3904 1018 4006 dabis,
1040 3902 1218 4010 inprobe,
1240 3928 1389 4006 poenas.

279 4018 442 4099 Audiam
467 4054 476 4097 r
506 4045 542 4100 et
558 4022 644 4101 baec
661 4021 780 4103 Manis
797 4030 918 4105 veniet
937 4032 1029 4103 mihi
1048 4030 1140 4102 fama
1162 4026 1230 4102 sub
1249 4028 1356 4102 imos.

278 4138 347 4214 His
366 4141 531 4214 medium
549 4141 654 4217 dictis
674 4161 879 4218 sermonem
896 4136 1099 4242 abrumpit,
1120 4163 1154 4218 et
1169 4166 1271 4217 auras

278 4254 392 4356 Aegra
409 4250 520 4358 fugit,
546 4282 656 4353 seque
675 4282 719 4332 ex
739 4260 853 4334 oeulis
872 4263 995 4334 avertit
1012 4280 1048 4335 et
1060 4256 1200 4342 aufert3

282 4370 470 4466 Linquens
490 4376 606 4446 multa
625 4394 726 4447 metu
746 4394 1002 4469 cunctantem,
1030 4395 1065 4450 et
1083 4375 1198 4449 multa
1215 4389 1401 4471 parantem

281 4484 417 4574 Dicere.
458 4491 658 4599 suscipiunt
676 4490 857 4581 famulae,
883 4490 1126 4587 conlabsaque
1141 4491 1306 4563 membra
1327 4524 1331 4531 ·

281 4600 486 4679 Mamerco
502 4604 658 4683 referunt
675 4608 859 4700 murno,
885 4601 1073 4704 suatisque
1089 4625 1281 4705 reponunt.

1168 4722 1235 4793 Bb
1266 4744 1285 4797 a
