3750 6217
233 1018 1359 1197 ECLOGAQuAaTn

419 1337 1174 1540 poturo

193 1724 518 1804 SICELIDES
537 1728 683 1820 Musae,
705 1731 831 1825 paullo
851 1730 987 1827 majora
1007 1753 1196 1810 canamus;

193 1843 283 1917 Non
303 1847 423 1918 omnis
441 1844 580 1917 arbusta
595 1849 745 1946 juvant,
772 1846 1001 1936 humilesque
1019 1846 1182 1938 myricae.

194 1955 231 2032 si
250 1959 411 2034 canimus
431 1963 562 2051 silvas,
588 1962 696 2035 silvae
716 1961 788 2032 sint
805 1959 967 2030 Consule
985 1959 1123 2057 dignae.

252 2077 387 2149 Ultima
410 2075 561 2147 Cumaei
585 2077 684 2147 venit
702 2078 778 2175 jam
799 2073 967 2145 carminis
989 2093 1108 2146 aetas:

193 2190 346 2291 Magnus
363 2191 409 2262 ab
430 2192 566 2289 integro
586 2193 785 2264 saeclorum
803 2191 957 2261 nascitur
974 2190 1075 2261 ordo.

188 2305 272 2396 Jam
290 2307 382 2380 redit
401 2326 437 2378 et
454 2306 569 2404 Virgo
593 2334 601 2377 :
628 2307 779 2378 redeunt
797 2303 957 2377 Saturnia
976 2330 1104 2403 regna:

188 2419 273 2510 Jam
295 2447 390 2493 nova
411 2422 599 2522 progenies
622 2424 727 2493 coelo
751 2420 951 2493 demittitur
969 2422 1054 2493 alto.

193 2535 254 2607 Tu
272 2539 387 2608 modo
408 2537 565 2610 nascenti
581 2563 718 2633 puero,
747 2561 823 2632 quo
847 2534 954 2608 ferrea
974 2537 1137 2632 primum

193 2647 364 2742 Desinet,
387 2678 427 2724 ac
448 2672 526 2725 toto
548 2672 664 2754 surget
688 2678 774 2752 gens
798 2678 899 2725 aurea
921 2653 1092 2742 mundo,

194 2764 300 2839 Casta
324 2766 403 2838 lave
425 2768 560 2840 Lucina
581 2796 589 2838 ε
611 2785 694 2840 tuus
708 2771 786 2867 jam
807 2785 928 2864 regnat
948 2766 1095 2861 Apollo.

194 2879 323 2975 Teque
343 2882 434 2953 adeo
452 2883 559 2954 decus
576 2883 678 2954 hocc’
696 2883 797 2971 aevi,
816 2900 852 2952 te
872 2880 1059 2971 Consule,
1084 2882 1217 2973 inibit,

194 2992 317 3065 Pollio
338 3026 346 3065 ε
375 3016 411 3067 et
433 2998 608 3090 incipient
629 2998 750 3093 magni
770 2996 962 3089 procedere
981 3019 1131 3068 menses.

195 3108 252 3180 Te
271 3109 386 3198 duce,
412 3110 441 3181 si
461 3135 531 3201 qua
551 3129 722 3198 manent,
749 3108 886 3181 sceleris
901 3108 1049 3205 vestigia
1067 3109 1180 3183 nostri

195 3224 307 3295 Inrita
328 3241 500 3319 perpetua
520 3224 661 3296 solvent
677 3222 871 3293 formidine
890 3240 1004 3294 terras.

194 3337 265 3421 Ille
286 3338 396 3410 deum
418 3338 528 3409 vitam
550 3337 731 3433 adcipiet,
754 3339 918 3430 divisque
936 3337 1074 3412 videbit

194 3448 395 3525 Permixtos
411 3453 560 3543 heroas,
588 3473 624 3527 et
647 3454 724 3548 ipse
741 3452 920 3524 videbitur
936 3454 1034 3544 illis,

192 3567 437 3663 Pacatumque
455 3587 550 3668 reget
569 3570 691 3665 patriis
708 3568 897 3640 virtutibus
917 3568 1053 3643 orbem.

193 3682 242 3757 At
262 3685 329 3757 tibi
351 3685 487 3778 prima,
505 3711 616 3780 puer,
643 3686 747 3757 nullo
768 3686 983 3759 munuscula
1004 3688 1127 3770 cultu,

194 3798 348 3873 Errantis
367 3800 486 3872 ederas
505 3801 638 3894 passim
659 3825 744 3873 cum
765 3800 909 3871 baccare
929 3801 1057 3882 tellus,

193 3913 381 4010 Mixtaque
401 3915 531 3987 ridenti
551 3916 727 3987 colocasia
744 3914 873 3986 fundet
891 3917 1053 3998 acantho.

193 4028 300 4124 Ipsae
318 4032 407 4103 lacte
427 4031 582 4103 domum
600 4029 750 4102 referent
768 4029 922 4102 distenta
944 4032 1102 4125 capellae

194 4143 311 4216 Ubera
332 4175 340 4215 ε
365 4170 432 4218 nec
451 4170 600 4244 magnos
620 4164 783 4216 metuent
800 4163 959 4217 armenta
981 4149 1115 4221 leones.

194 4259 279 4355 lpsa
299 4261 364 4333 tibi
382 4260 537 4332 blandos
555 4260 707 4331 fundent
727 4260 903 4331 cunabula
923 4259 1039 4335 flores.

194 4375 349 4447 Occidet
366 4395 401 4447 et
426 4401 595 4470 serpens,
624 4394 659 4446 et
678 4373 788 4446 fallax
804 4375 911 4445 herba
927 4380 1057 4449 veneni

194 4489 348 4562 Occidet
374 4519 383 4559 ι
412 4490 597 4585 Assyrium
616 4492 728 4587 volgo
753 4510 914 4564 nascetur
933 4517 1138 4570 amomum.-

195 4602 245 4684 At
261 4606 370 4684 simul
390 4605 541 4685 heroum
558 4606 683 4685 laudes
700 4626 737 4685 et
756 4604 847 4685 facta
865 4609 1023 4708 parentis

907 4910 933 4944 N
