3750 6217
357 681 436 778 3⁶4
560 673 1357 772 Aruernos-xatu-
1484 641 1486 646 ’

351 841 456 914 Mille
471 842 586 934 viros,
609 844 676 939 qui
696 866 906 939 supremum
924 841 1144 915 comitentur
1158 841 1367 930 honorem,

353 956 597 1052 intersintque
614 959 724 1051 patris
744 956 897 1028 lacrimis
912 986 922 1036 r
947 956 1073 1028 solatia
1089 959 1209 1030 luctus

350 1070 490 1170 Exigua
507 1072 684 1171 ingentis,
708 1072 839 1144 misero
862 1069 926 1142 sed
947 1069 1068 1144 debita
1089 1071 1191 1166 patri.

349 1184 463 1257 Haud
483 1210 606 1284 segnes
625 1187 686 1257 alii
706 1201 832 1273 crates,
854 1202 889 1258 et
908 1186 1023 1256 molle
1043 1182 1210 1257 feretrum
1299 1203 1310 1228 ·

349 1298 518 1374 Arbuteis
535 1317 663 1372 texunt
680 1300 807 1397 virgis,
832 1317 869 1376 et
884 1298 1021 1394 vimine
1042 1322 1204 1393 querno,

349 1413 632 1508 Exstructosque
650 1433 750 1486 toros
771 1415 925 1486 obtentu
941 1411 1080 1486 frondis
1098 1411 1317 1484 inumbrant.

349 1523 420 1616 Hic
435 1529 607 1625 juvenem
625 1527 750 1626 agresti
768 1527 966 1614 sublimem
988 1527 1158 1600 stramine
1174 1540 1345 1625 ponunt:

349 1642 512 1748 Qualem
529 1643 689 1742 virgineo
709 1642 915 1714 demessum
935 1643 1071 1736 pollice
1090 1640 1236 1732 florem,

348 1755 421 1830 Seu
441 1757 566 1830 mollis
585 1758 720 1846 violae,
742 1780 805 1828 seu
823 1757 1025 1854 languentis
1043 1755 1243 1852 hyacinthia

349 1872 422 1944 Cui
442 1896 561 1966 neque
579 1870 703 1970 fulgor
716 1870 854 1959 adhuc,
875 1894 944 1944 nec
963 1869 1055 1946 dum
1070 1895 1134 1950 sua
1151 1867 1268 1952 forma
1285 1867 1454 1968 recessit:
1473 1965 1475 1970 Ι

349 1986 439 2058 Non
454 1989 532 2085 jam
553 2004 666 2059 mater
682 1986 747 2080 alit
766 1986 895 2074 tellus,
916 1984 1082 2080 viresque
1099 1984 1284 2058 ministrat.

349 2101 450 2173 Tum
469 2101 631 2199 geminas
645 2100 774 2188 vestis,
798 2123 960 2193 auroque
980 2116 1151 2195 ostroque
1172 2096 1322 2199 rigentis

350 2215 491 2296 Extulit
507 2213 647 2287 Aeneas
669 2241 678 2281 ι
708 2237 797 2308 quas
814 2213 868 2286 illi
888 2215 979 2286 laeta
1000 2211 1168 2297 labonrnr

349 2329 435 2424 Ipsa
451 2329 524 2402 suis
541 2329 732 2422 quondam
750 2325 919 2416 maqibus
933 2325 1203 2406 SidoniaDido

347 2443 511 2533 Fecerat,
532 2460 567 2522 et
584 2442 685 2515 tenui
706 2442 793 2514 telas
813 2441 1021 2516 discreverat
1042 2467 1140 2516 auro.

348 2557 489 2630 Harum
508 2581 623 2628 unam
638 2555 787 2654 juveni,
809 2581 1023 2651 supremurn
1044 2575 1199 2632 maestus
1217 2558 1427 2650 honorem,
1454 2627 1457 2632 .

350 2672 501 2763 Induit,
525 2694 731 2770 arsurasque
754 2692 879 2760 comas
898 2672 1054 2752 obnubit
1070 2670 1227 2745 amictu:
1370 2755 1375 2766 ι

228 2783 231 2787 ’
347 2784 539 2881 Multaque
559 2803 735 2882 praeterea
757 2783 943 2858 Laurentis
966 2786 1125 2884 praemia
1143 2811 1285 2888 pugnae

346 2900 519 2999 Aggerat,
545 2918 581 2993 et
603 2900 716 2997 longo
737 2898 909 2993 praedatq
922 2898 1029 2998 jubet
1048 2901 1174 2994 ordine
1194 2899 1290 2976 duci.
1434 2981 1436 2986 ,

302 3007 306 3012 ’
346 3013 462 3087 Addit
476 3040 615 3112 equos,
635 3031 671 3086 et
690 3015 783 3103 tela,
807 3013 940 3108 quihus
958 3015 1174 3109 spoliaverat
1190 3015 1346 3088 hostem.
1421 3071 1424 3078 .

346 3127 522 3202 Vinxerat
543 3149 580 3203 et
600 3145 686 3223 post
706 3144 801 3226 terga
822 3152 973 3220 manus,
998 3154 1092 3225 quos
1112 3129 1267 3206 mitteret
1287 3129 1428 3206 umbris
1485 3217 1488 3222 ¹

348 3243 518 3331 Inferias,
540 3267 645 3333 caesq
667 3266 850 3335 sparsurus
872 3244 1044 3344 sanguine
1065 3243 1275 3327 flammam:¹

349 3358 577 3449 Indutosquo
593 3357 699 3454 jubet
721 3374 865 3429 truncos
885 3359 1077 3439 hostilibus¹
1096 3360 1203 3430 armis
1230 3407 1235 3412 -

348 3473 457 3567 Ipsos
478 3469 565 3566 fetro
586 3471 719 3558 duces,
746 3473 967 3565 inimicaque
987 3474 1139 3556 nomina
1159 3473 1229 3573 ligi.

347 3586 502 3659 Ducitur
523 3583 647 3658 infelix
666 3611 755 3679 aevo
778 3585 961 3660 confectus
981 3588 1155 3687 Acoetes,

349 3701 495 3774 Pectora
512 3726 609 3774 nunc
626 3700 776 3773 foedans
794 3704 947 3799 pugnis,
969 3728 1067 3778 nuuc
1083 3703 1265 3802 unguibus
1284 3727 1367 3778 orat

347 3815 521 3889 Sternitur
541 3838 576 3889 et
592 3836 673 3890 toto
694 3818 874 3913 projectus
899 3842 1049 3912 corpore
1070 3836 1187 3891 terrae.

349 3932 498 4030 Ducunt
517 3951 554 4006 et
574 3933 710 4004 Rutulo
733 3928 897 4026 perfusos
922 3934 1098 4031 sanguine
1115 3957 1244 4007 currus.

348 4046 437 4119 Post
458 4048 610 4120 bellator
631 4071 768 4140 equus,
792 4046 920 4141 positis
946 4047 1165 4147 insignibus,
1186 4048 1332 4120 Aethon

347 4161 382 4231 It
401 4161 616 4249 lacrimans,
638 4162 817 4256 guttisque
841 4162 1024 4236 humectat
1046 4163 1241 4261 grandibus
1261 4187 1332 4235 ora.

346 4275 496 4348 Hastam
516 4275 577 4370 alii
599 4276 809 4373 galeamque
830 4273 975 4348 ferunt:
1004 4298 1092 4350 nam
1113 4295 1225 4378 cetera
1247 4275 1393 4352 Turnus

345 4389 475 4462 Victor
498 4389 613 4461 habet
652 4407 730 4462 tum
756 4409 888 4461 maesta
909 4391 1089 4484 phalanx,
1112 4392 1315 4486 Teucrique
1337 4415 1571 4492 sequuntur,

344 4504 590 4599 Tyrrhenique
610 4506 737 4592 duces,
758 4518 793 4575 et
812 4505 919 4574 versis
938 4503 1089 4578 Arcades
1111 4508 1228 4596 annis.
