3750 6217
434 663 880 750 'Aruernos
938 675 967 781 r,
1025 697 1058 747 v.
1107 699 1199 767 4⁵0·
1341 644 1456 763 ιη’

211 836 296 909 Hoc
316 835 477 931 primum
498 836 537 906 in
551 838 636 909 luco
657 861 752 908 nova
768 861 821 909 res
840 837 959 909 oblata
978 841 1150 933 timorem

211 951 333 1025 Leniit
354 980 361 1020 :
392 944 448 1021 hic
468 951 627 1044 primum
647 952 783 1024 Aeneas
801 977 935 1046 sperare
957 956 1107 1026 salutem
1141 937 1144 945 ¹

211 1067 349 1155 Ausus,
373 1085 408 1138 et
427 1065 579 1139 adflictis
597 1068 728 1140 melius
746 1067 924 1140 confidere
943 1069 1056 1141 rebus.

212 1183 405 1277 Namque,
429 1181 496 1253 sub
515 1182 649 1280 ingenti
670 1185 794 1255 lustrat
812 1183 904 1253 dum
925 1184 1062 1282 singula
1081 1187 1222 1279 templo

212 1296 390 1396 Reginam
411 1297 620 1392 opperiens,
641 1299 731 1370 dum
752 1322 844 1391 quae
863 1296 1005 1372 fortuna
1026 1300 1069 1371 sit
1086 1299 1188 1389 urbi,

212 1413 472 1507 Artificumque
490 1428 619 1487 manus
636 1414 726 1484 inter
743 1438 782 1494 se
799 1438 1025 1508 operumque
1044 1414 1204 1487 laborem

213 1528 378 1619 Miratur,
401 1527 499 1598 videt
518 1527 644 1599 Iliacas
660 1553 705 1598 ex
723 1529 848 1600 ordine
868 1554 1027 1626 pugnas,

213 1642 385 1739 Bellaque
403 1646 480 1741 jam
500 1640 596 1715 fama
613 1661 734 1715 totum
751 1645 895 1742 volgata
914 1667 978 1738 per
996 1643 1143 1735 orbem,

212 1759 369 1848 Atridas,
388 1759 671 1852 Priamumque,
694 1777 729 1830 et
749 1784 895 1831 saevom
915 1759 1095 1832 ambobus
1112 1760 1301 1835 Achillem.

214 1875 409 1954 Constitit;
431 1892 466 1945 et
485 1875 696 1963 lacrimans,
716 1873 810 1978 Quis
822 1877 898 1972 jam
918 1876 1045 1964 locus,
1067 1875 1206 1968 inquit,
1223 1875 1376 1969 Achate,

216 1989 320 2096 Quae
339 1990 433 2088 regio
455 1989 493 2059 in
513 1990 609 2060 terris
628 1990 739 2103 nostri
760 2013 837 2059 non
855 1991 963 2083 plena
982 1990 1145 2062 laboris?

218 2106 272 2177 En
292 2106 462 2178 Priamus.
503 2123 586 2176 sunt
601 2100 658 2175 hic
679 2105 787 2176 etiam
808 2129 869 2176 sua
890 2108 1045 2198 praemia
1066 2106 1186 2176 laudi:

216 2219 307 2293 Sunt
326 2221 487 2293 lacrimae
506 2244 622 2289 rerum
645 2247 653 2290 ι
683 2240 718 2290 et
736 2239 898 2291 mentem
918 2222 1083 2292 mortalia
1100 2239 1259 2318 tangunt

218 2334 325 2407 Solve
346 2355 463 2407 metus
486 2362 494 2405 ε
523 2332 609 2405 feret
626 2336 712 2406 haec
729 2336 888 2428 aliquam
907 2337 972 2407 tibi
993 2334 1086 2406 fama
1106 2338 1268 2409 salutern.

216 2450 272 2523 Sic
289 2452 360 2541 ait,
387 2469 495 2544 atque
514 2450 677 2521 animum
698 2451 834 2544 pictura
853 2452 967 2545 pascit
987 2451 1083 2521 inani

216 2565 330 2637 Multa
348 2590 518 2665 gemens,
541 2566 713 2662 largoque
732 2566 915 2637 humectat
934 2564 1083 2637 flumine
1101 2566 1255 2638 voltum.

216 2680 387 2781 Namque
406 2680 573 2768 videbat,
593 2682 647 2751 uti
666 2680 839 2752 bellantes
861 2680 1030 2778 Pergama
1050 2679 1184 2751 circum

189 2786 293 2879 ,Hac
313 2796 474 2892 fugerent
492 2793 609 2882 Graii,
634 2813 807 2889 premeret
825 2794 983 2865 Troiana
998 2798 1191 2892 juventus:

217 2908 294 2981 Hac
313 2909 466 3005 Phryges
483 2938 492 2986 ;
515 2909 654 2979 instaret
670 2934 771 2981 curru
791 2909 1134 3019 cristatusxAchilles.

216 3022 293 3094 Nec
311 3024 439 3117 procul
457 3022 539 3091 hinc
558 3021 665 3097 Rhesi
684 3022 796 3095 niveis
812 3023 965 3094 tentoria
985 3023 1073 3106 velis

215 3136 415 3236 Adgnoscit
433 3136 620 3208 lacrimans
637 3167 645 3216 ;
669 3137 790 3231 primo
812 3162 904 3231 quae
922 3138 1063 3231 prodita
1083 3160 1216 3211 somno

215 3251 379 3347 Tydides
398 3251 692 3324 multavastabat
709 3252 816 3323 caede
836 3270 1020 3325 ementus:

214 3364 454 3461 Ardentisque
471 3366 592 3438 avertit
610 3391 727 3460 equos
747 3367 785 3437 in
803 3386 933 3458 castra,
957 3369 1055 3463 prius
1074 3391 1186 3461 quam

215 3481 351 3553 Pabula
372 3499 568 3580 gustassent
583 3481 714 3553 Troiae
731 3481 995 3578 Xanthumque
1013 3481 1197 3555 bibissent
1299 3562 1305 3568 ‚

216 3596 315 3668 Parte
335 3599 401 3668 alia
420 3595 559 3695 fugiens
577 3596 716 3669 amissis
733 3595 879 3671 Troilus
898 3599 1029 3687 armis,
1180 3580 1183 3589 ’

215 3712 350 3784 Infelix
366 3737 478 3807 puer,
500 3730 608 3805 atque
628 3711 730 3806 inpar
748 3736 956 3812 congressus
973 3712 1126 3802 Achilli,

216 3825 337 3898 Fertur
356 3827 476 3920 equis,
496 3851 670 3920 curruque
688 3829 805 3899 haeret
823 3829 1012 3923 resupinus
1031 3828 1153 3918 inani,

215 3940 310 4013 Lora
329 3959 456 4027 tenens
474 3960 596 4013 tamen
619 3969 626 4009 ε
656 3942 740 4014 huic
758 3943 946 4036 cervixque
966 3967 1166 4037 comaeque
1181 3943 1366 4020 trahuntur

217 4056 282 4128 Per
301 4075 451 4143 terram,
475 4074 510 4126 et
528 4079 624 4126 versa
642 4058 763 4151 pulvis
782 4057 985 4131 inscribitur
1003 4059 1111 4131 hasta.

217 4170 355 4244 Interea
375 4170 421 4243 ad
440 4171 621 4269 templum
642 4195 721 4243 non
740 4198 875 4266 aequae
895 4173 1051 4247 Palladis
1070 4173 1171 4253 ibant

217 4284 387 4358 Crinibus
405 4285 535 4358 lliades
555 4285 693 4380 passis,
716 4289 943 4383 peplumque
964 4287 1122 4376 ferebant
1150 4282 1154 4303 ¹

216 4398 433 4496 Suppliciter
451 4402 583 4489 tristes,
605 4420 643 4474 et
659 4419 783 4477 tunsae
800 4423 945 4500 pectora
965 4406 1105 4499 palmis.

215 4513 310 4591 Diva
327 4519 407 4592 solo
429 4517 521 4590 fixos
537 4518 665 4590 oculos
683 4542 800 4593 aversa
819 4519 971 4592 tenebat.
1074 4518 1075 4521 ’
