3750 6217
455 729 905 807 Aruernos
962 732 1073 806 vrr.
1132 758 1166 805 v.
1213 736 1303 829 589·
1378 690 1555 829 ω,

281 898 384 969 Mole
404 913 521 977 tenet3
541 899 681 992 scopuli
699 896 948 991 nequidquam
969 915 1004 969 et
1022 922 1171 992 spumea
1190 898 1323 970 circum

282 1014 370 1084 Saxa
389 1013 568 1102 fremunt,
586 1014 757 1108 laterique
777 1012 881 1082 inlisa
898 1009 1095 1087 refunditur
1113 1015 1200 1113 alga,

280 1129 441 1218 Verum,
464 1129 527 1199 ubi
550 1130 649 1199 nulla
670 1129 773 1199 datur..
789 1152 936 1199 caecum
957 1152 1164 1222 exsuperare
1184 1145 1345 1226 potestas

282 1245 512 1333 Consilium,
538 1262 574 1314 et
592 1269 712 1317 saevae
728 1261 819 1314 nutu
834 1242 991 1331 lunonis
1010 1261 1098 1320 eunt
1116 1270 1188 1339 res,

282 1362 398 1432 Multa
418 1361 506 1431 deos
526 1386 698 1454 aurasque
718 1377 818 1454 pater
836 1377 980 1431 testatus
995 1361 1132 1448 inanis,

281 1477 310 1548 F
311 1477 491 1575 rangimur
510 1478 580 1546 heu
600 1475 701 1564 fatis,
723 1474 862 1567 inquit,
890 1473 1109 1568 ferimurque
1126 1476 1304 1571 procella!

282 1594 358 1686 lpsi
379 1595 440 1663 has
459 1594 627 1690 sacrilego
646 1590 812 1687 pendetis
833 1592 1004 1687 sanguine
1024 1615 1182 1685 poenaS‚

281 1709 318 1779 Ο
338 1708 467 1791 miseri.
507 1727 568 1797 te,
594 1706 740 1796 Tume,
766 1704 882 1795 nefas,
906 1725 942 1777 te
959 1707 1054 1777 triste
1070 1705 1232 1784 manebit

281 1822 533 1918 Supplicium
555 1825 720 1915 votisque
740 1822 830 1898 deos
846 1822 1055 1897 venerabere
1073 1823 1164 1906 seris.

281 1938 376 2008 Nam
395 1939 484 2008 milri
505 1957 603 2032 parta
624 1939 727 2031 quies
750 1964 758 2018 ².
789 1934 975 2034 [omnisque
999 1940 1031 2006 in
1056 1940 1164 2008 limine
1180 1935 1323 2040 portus]

282 2054 309 2124 F
313 2079 420 2132 unere¹
436 2054 530 2127 felici
549 2053 697 2148 spolior.
738 2076 804 2130 nec
823 2056 926 2147 plura
945 2055 1086 2125 locutus

282 2168 398 2265 Sepsit
418 2194 454 2240 se
471 2171 589 2258 tec-tis,
610 2192 801 2262 rerumque
820 2169 964 2261 reliquit
982 2169 1158 2244 habenas.

338 2285 422 2356 Mos
442 2299 513 2356 erat
533 2286 707 2379 Hesperio
730 2286 768 2353 in
786 2284 913 2373 Latio,
937 2308 1048 2376 quern
1068 2285 1234 2380 protinus
1252 2283 1357 2359 urbes

280 2399 441 2476 Albanae
462 2402 601 2472 coluere
622 2425 782 2488 sacrum,
807 2423 905 2471 nunc
924 2425 1094 2492 maxuma
1112 2425 1228 2472 rerum

279 2515 399 2587 Roma
421 2517 531 2605 colit,
558 2541 674 2608 quom
693 2516 808 2611 prima
828 2533 980 2586 movent
998 2517 1035 2586 in
1054 2516 1189 2609 proelia
1210 2515 1383 2608 Martem,

281 2629 363 2703 Sive
382 2631 483 2705 Getis
502 2630 627 2702 inferre
646 2655 759 2711 manu
778 2631 995 2706 lacrimabile
1012 2632 1176 2719 bellum,

281 2747 518 2842 Hyrcanisve,
541 2746 707 2819 Arabisve
728 2763 879 2840 parant,
906 2770 969 2827 seu
986 2746 1135 2831 tendere*
1150 2746 1197 2821 ad
1216 2746 1332 2827 indos
1343 2802 1355 2840 ,

281 2859 530 2955 Auroramque
551 2862 672 2953 sequi,
693 2862 916 2954 Parthosque
935 2886 1119 2957 reposcere
1140 2863 1247 2960 signa.

281 2976 371 3047 Sunt
390 2978 552 3075 geminae
573 2977 663 3055 Belli
681 2994 805 3071 portae
824 2978 897 3068 (sic
917 2977 1068 3048 nomine
1088 2977 1236 3071 dicunt)

280 3091 471 3191 Religione
491 3116 624 3180 sacrae,
643 3109 679 3163 et
698 3091 791 3162 saevi
809 3090 1005 3162 [omridiue
1022 3092 1169 3165 Martis:

281 3206 440 3278 Centum
456 3208 546 3284 aerei
564 3208 736 3278 claudunt
751 3226 885 3295 vectes,
906 3223 1117 3301 aeternaque
1136 3204 1216 3279 ferri

279 3322 426 3394 Robora
445 3351 453 3391 ε
483 3348 549 3395 nec
569 3341 690 3394 custos
709 3322 847 3395 absistit
864 3319 991 3405 limine
1005 3320 1131 3418 J'anus.¹

278 3437 379 3528 Hm,
405 3439 468 3508 ubi
489 3453 579 3509 cona
600 3437 698 3511 sedet
715 3437 874 3532 patribus
894 3438 1066 3510 sententia
1085 3461 1248 3538 pugnae,

277 3554 386 3649 Ipse,
417 3554 599 3659 Quirinali*
619 3554 738 3623 trabea
755 3554 947 3646 cinctuque
968 3551 1112 3639 Gabino

278 3669 457 3768 Insignis,
480 3684 612 3768 reserat.
624 3669 803 3743 stridentia
822 3670 949 3756 limina
970 3667 1109 3764 Consul
1119 3699 1135 3748 ς.

278 3785 364 3879 lpse
382 3803 486 3856 vocat
505 3809 643 3881 pugnas
662 3811 670 3851 ε
700 3785 860 3877 sequitur
877 3803 958 3856 tum
978 3802 1090 3859 cetera
1108 3784 1248 3880 pubess

277 3899 459 3992 Aereaque
478 3898 627 3975 adsensu
649 3900 859 3992 conspirant
875 3924 1008 3989 cornua
1026 3924 1142 3970 rauco.

278 4013 361 4084 Hoc
380 4034 413 4085 et
431 4031 508 4083 tum
529 4011 706 4087 Aeneadis
724 4014 880 4086 indicere
897 4015 1000 4114 bella
1013 4012 1168 4089 Latinus.

277 4129 382 4201 More
397 4128 607 4227 jubebatur,
626 4128 807 4221 tristisque
826 4129 1005 4206 recludere
1022 4148 1153 4223 portae,

277 4244 463 4323 Abstinuit
480 4262 575 4315 tactu
595 4261 713 4339 pater,
736 4266 948 4338 aversusque
964 4241 1092 4342 refugit

277 4359 399 4430 Foeda
419 4358 639 4447 ministeria,
661 4377 696 4431 et
716 4358 832 4431 caecis.
851 4385 887 4443 se
906 4359 1071 4432 condidit
1089 4361 1237 4448 umbris,

278 4472 379 4544 Tum
398 4476 514 4573 regina
534 4474 645 4547 desim
662 4477 767 4572 coelo
786 4474 932 4548 delabsa
952 4476 1124 4548 morantis

278 4588 419 4693 Inpulit
436 4591 513 4699 ipsa
531 4615 642 4670 manu
657 4605 799 4698 portas,
818 4610 854 4681 φῖ
870 4591 1013 4692 laidi-¹¹⁶,
1031 4616 1142 4685 versia
