3750 6217
1589 658 1609 689 0

270 884 1483 1159 ,Aruernos

466 1327 1280 1451 tresnsaprrrrus

264 1622 343 1695 TU
364 1648 513 1717 quoque
531 1623 696 1705 litoribus
715 1625 871 1718 nostris,
894 1624 1027 1714 Aeneia
1044 1628 1186 1730 qutrix,

262 1740 451 1813 Aeternam
470 1741 629 1813 moriens
649 1737 806 1829 famam,
831 1739 975 1830 Caieta,
997 1740 1135 1826 dedisti.

262 1856 307 1927 Et
328 1880 423 1925 nunc
443 1871 553 1924 servat
573 1855 691 1938 honos
713 1855 835 1925 sedem
858 1874 962 1947 tuus,
982 1880 1132 1949 ossaque
1152 1881 1290 1958 nomen

262 1971 432 2065 Hesperia
450 1971 488 2039 in
506 1994 653 2072 magna,
677 1971 704 2040 si
726 1996 796 2073 quq
815 1988 868 2045 est
884 1996 924 2041 ea
944 1970 1078 2069 gloria,
1099 1974 1219 2077 signat,

261 2086 309 2159 At
326 2087 408 2180 pius
426 2086 603 2178 exsequiis
621 2084 758 2168 Aeneas
777 2085 841 2177 rite
862 2087 1008 2174 sqlutis,

259 2201 394 2301 Aggere
414 2201 606 2294 conposito
628 2201 781 2290 tumuli,
806 2219 1005 2297 pqstquam
1026 2201 1094 2295 alta
1113 2203 1280 2296 quierunt

258 2316 446 2411 Aequora,
467 2316 583 2396 tendit
602 2316 665 2391 itet
682 2316 797 2409 velis,
825 2334 1047 2410 portumque
1067 2319 1246 2412 relinqqit

257 2431 454 2526 Adspirant
474 2457 574 2500 aurae
594 2433 633 2501 in
651 2449 817 2519 noctem,
843 2455 910 2525 nec
930 2431 1080 2526 candida
1099 2457 1218 2533 cursus¹
1240 2414 1245 2425 ⁸

257 2546 362 2618 Luna
381 2564 486 2645 negat
511 2574 518 2640 ιΒ
550 2545 715 2641 splendet
730 2547 884 2626 tremulo
906 2546 973 2617 sub
989 2547 1127 2619 lumine
1149 2567 1294 2644 pontus.

257 2661 438 2740 Proxuma
457 2661 618 2741 Circaeae
637 2660 808 2753 raduntur
827 2661 930 2758 litqra¹
948 2679 1078 2766 terraeg

256 2775 366 2848 Dives
386 2777 587 2847 inadcessos
604 2775 669 2849 ubi
681 2764 781 2850 ¹Solis
800 2774 873 2861 filia
893 2762 996 2873 lucgs

255 2890 419 2963 Adsiduo
441 2909 580 2962 resonat
600 2908 728 2983 cantu,
753 2890 927 2987 tectisque
948 2889 1110 2985 superbis

256 3005 335 3078 Urit
355 3005 539 3078 odoratam
558 3023 730 3076 nocturna
750 3005 945 3077 inlumina
966 3004 1133 3096 cedrum,

254 3120 391 3221 Arguto
412 3121 530 3201 tenuis
548 3144 750 3217 percurrens
770 3121 914 3216 pectine
934 3123 1031 3193 telas·

256 3235 351 3308 Hinc
370 3235 527 3320 exaudiri
545 3237 698 3335 gemitus
715 3236 856 3336 iraeque
876 3237 1056 3335 leonum,
1299 3322 1303 3335 Ι

253 3351 386 3446 Vincla
404 3374 649 3440 recusantum,
675 3369 710 3434 et
727 3376 799 3439 sera
819 3351 886 3430 sub
907 3371 1013 3442 nocte
1032 3349 1248 3447 rudentum:

253 3464 491 3567 Saetigerique
512 3490 613 3554 sues,
639 3484 746 3558 atque
766 3467 804 3535 in
821 3466 1052 3571 prqesepibus
1071 3467 1141 3559 ursi

252 3582 409 3671 Saevire,
432 3607 471 3652 ac
492 3581 628 3666 {ennae
646 3606 860 3680 magnorum
879 3583 1015 3678 ululate
1035 3583 1206 3676 luporum
1222 3609 1232 3651 ε

252 3697 358 3803 Quos¹
376 3698 570 3776 hominum
587 3720 631 3766 ex
647 3693 735 3788 facie
755 3697 822 3782 dea
839 3722 939 3788 saeva
959 3695 1169 3792 potentibus
1185 3680 1302 3776 herbis

251 3813 421 3905 Induerat
440 3813 538 3882 Circe
558 3813 597 3896 in
615 3813 735 3900 voltus
754 3836 794 3882 ac
813 3829 908 3912 terga
926 3810 1089 3884 ferarum.

251 3914 354 4031 Quae
373 3951 419 3996 ne
438 3945 597 4018 monstra
615 3927 669 4021 pii
687 3945 887 4025 paterentur
905 3927 988 4024 talia
1007 3926 1122 4018 Troes

248 4041 366 4113 Delati
388 4042 425 4110 in
446 4050 593 4135 portus,
619 4065 690 4128 neu
708 4041 811 4137 litora
830 4041 905 4115 dira
922 4040 1081 4142 subirent
1098 4071 1110 4142 ᾗ

248 4156 577 4251 Neptunusventis
597 4156 748 4250 inplevit
763 4156 842 4247 vela
860 4155 1045 4255 secundisq

248 4270 369 4365 Atque
389 4270 510 4370 fugam
528 4271 649 4359 dedit,
671 4287 706 4341 et
722 4290 857 4365 praeter
874 4271 964 4361 vada
984 4269 1115 4363 fervidq
1131 4273 1236 4345 vexit

299 4386 454 4481 Jamque
474 4386 680 4459 rubescebat
697 4386 801 4459 radiis
820 4412 939 4477 mare,
968 4402 1004 4459 et
1020 4387 1154 4459 aethere
1172 4387 1218 4459 ab
1238 4390 1310 4462 alto

246 4499 382 4573 Aurora
398 4504 435 4572 in
455 4503 564 4592 roseis
582 4500 742 4600 fulgebat
760 4503 857 4598 lutea
872 4502 965 4600 bigis
977 4529 989 4606 z,
1082 4483 1086 4490 ¹

247 4615 376 4723 Quom
395 4608 492 4699 uenti
511 4642 686 4714 posuere,
707 4618 902 4713 omnisque
919 4634 1065 4718 repente
1085 4616 1213 4707 resedit
