3750 6217
1916 490 1987 521 ..ῥ’

710 734 805 822 58
1064 727 2769 805 GEORGICON11.v.28.

701 898 827 968 Nil
864 896 1117 970 radicis
1149 913 1356 995 egent
1392 899 1568 968 aliae
1601 923 1616 963 ε
1680 917 2198 986 summumque
2236 912 2529 987 putator

702 1013 918 1084 Haud
958 1013 1239 1084 dubitat
1276 1031 1489 1084 terrae
1542 1010 1842 1083 referens
1883 1008 2219 1079 mandare
2260 1032 2626 1087 cacumen.

710 1132 912 1238 Quin
952 1151 1022 1202 et
1054 1128 1460 1201 caudicibus
1499 1130 1702 1200 sectis
1745 1124 2119 1218 (mirabile
2159 1124 2400 1221 dictu)

704 1248 1047 1323 Truditur
1091 1271 1131 1316 e
1183 1246 1371 1316 sicco
1417 1247 1616 1316 radix
1667 1243 1991 1339 oleagina
2044 1241 2270 1337 ligno,

707 1366 801 1438 Et
851 1388 1058 1457 saepe
1108 1362 1387 1433 alterius
1437 1384 1674 1432 ramos
1729 1361 2004 1453 inpune
2047 1355 2382 1431 videmus

707 1481 998 1552 Vertere
1023 1479 1110 1563 ‚in
1151 1478 1431 1549 alterius
1464 1510 1480 1557 ;
1531 1494 2027 1566 mutatamque
2063 1472 2272 1543 insita
2313 1476 2507 1547 mala

704 1597 764 1669 F
765 1621 905 1668 erre
945 1595 1223 1688 pirum,
1269 1612 1342 1665 et
1377 1593 1623 1687 prunis
1663 1591 1992 1685 lapidosa
2031 1586 2394 1659 rubescere
2430 1605 2673 1663 coma.'

826 1711 1064 1815 Quare
1100 1710 1281 1806 agite
1325 1735 1406 1799 ο,
1457 1708 1792 1804 proprios
1833 1705 2218 1804 generatim
2256 1705 2505 1777 discite
2543 1709 2775 1779 cultus
2799 1760 2823 1799 ‚

707 1826 1077 1926 Agricolae
1103 1879 1123 1911 ‚
1173 1822 1581 1918 fructusque
1622 1822 1807 1894 feros
1845 1821 2130 1892 mollite
2171 1822 2525 1893 colendo:

706 1944 872 2013 Neu
926 1965 1170 2039 segnes
1205 1942 1487 2038 jaceant
1534 1960 1768 2011 terrae.
1835 1940 2041 2036 juvat
2086 1936 2352 2009 Ismara
2402 1938 2679 2009 Baccho

710 2058 1100 2129 Conserere
1125 2110 1145 2144 ‚
1196 2074 1410 2149 atque
1453 2059 1612 2127 olea
1650 2078 1999 2153 magnum
2039 2054 2289 2124 vestire
2320 2054 2768 2127 Taburnum.

707 2174 978 2265 Tuque
1016 2171 1182 2251 ades
1207 2226 1226 2260 ‚
1283 2169 1801 2266 inceptumque
1835 2194 1979 2243 una
2016 2169 2301 2240 decurre
2347 2170 2665 2242 laborem
2690 2223 2715 2258 ‚

707 2290 783 2361 O
829 2288 1088 2376 decuS,
1135 2312 1178 2357 o
1217 2283 1448 2358 famae
1482 2288 1737 2359 merito
1778 2311 1945 2381 pars
1982 2310 2324 2356 maxuma
2361 2305 2641 2358 nostrae
2663 2337 2688 2375 ,

707 2405 1126 2491 Maecenas,
1169 2403 1577 2501 pelagoque
1618 2405 1873 2476 volens
1913 2402 2004 2472 da
2043 2402 2200 2472 vela
2239 2403 2533 2498 patenti.

711 2519 889 2591 Non
929 2542 1063 2615 ego
1103 2537 1355 2589 cuncta
1399 2520 1580 2592 meis
1621 2519 1961 2614 amplecti
2003 2518 2320 2592 versibus
2368 2537 2588 2613 opto:

712 2634 891 2705 Non
925 2687 946 2723 ‚
991 2634 1171 2704 mihi
1209 2633 1267 2704 si
1302 2635 1584 2734 linguae
1625 2652 1917 2707 centum
1959 2633 2135 2723 sint,
2192 2660 2461 2729 oraque
2502 2651 2795 2711 centum
2818 2684 2845 2725 ¹

708 2751 955 2822 Ferrea
991 2772 1157 2821 vox.
1234 2750 1403 2822 ades
1424 2805 1445 2841 ‚
1499 2772 1570 2829 et
1604 2752 1821 2846 primi
1855 2752 2013 2850 lege
2048 2752 2277 2822 litoris
2318 2776 2541 2829 oram.

709 2868 804 2940 In
847 2865 1180 2937 manibus
1225 2883 1458 2938 terrae.
1535 2892 1692 2939 non
1729 2863 1844 2939 hic
1884 2886 1955 2939 te
1996 2867 2306 2940 carmine
2346 2866 2562 2959 flct0,

706 2980 953 3075 Atque
998 3007 1125 3076 per
1164 2983 1498 3083 ambages
1524 3039 1544 3075 ,
1589 3001 1659 3056 et
1697 2986 1915 3083 longa
1953 3008 2200 3056 exorsa
2236 2982 2525 3055 tenebo,

825 3096 1274 3191 Sponte-sua
1327 3125 1510 3192 quae
1566 3125 1638 3172 se
1680 3102 1952 3173 tollunt
1995 3100 2072 3170 in
2122 3100 2424 3172 luminis
2480 3113 2686 3190 οἵως
3176 3104 3193 3143 ⁴

709 3211 1114 3284 Infecunda
1158 3216 1462 3309 quidem
1495 3269 1515 3304 ,
1571 3216 1699 3288 sed
1739 3216 1920 3287 laeta
1960 3233 2032 3287 et
2071 3213 2283 3291 fortia
2330 3232 2638 3314 surgunt.

712 3327 1020 3433 Quippe
1070 3333 1235 3403 solo.
1291 3349 1537 3401 natura
1578 3330 1836 3403 subest.
1916 3350 2165 3405 tamen
2212 3332 2394 3402 haec·
2434 3355 2739 3424 quoque
2783 3331 2843 3419 si
2894 3328 3063 3441 quis

712 3442 987 3514 Inserat
1018 3496 1039 3530 ‚
1095 3469 1218 3514 aut
1260 3445 1631 3522 scrobibus
1680 3445 1981 3519 mandet
2031 3466 2307 3520 mutata
2355 3445 2659 3520 subactis
2683 3501 2706 3537 ,

717 3557 1064 3632 Exuerint
1105 3559 1492 3631 silvestrem
1538 3560 1871 3633 animum
1918 3592 1933 3631 :
1987 3565 2330 3661 cultuque
2368 3561 2724 3660 frequenti

712 3674 808 3746 In
849 3698 1348 3769 quascumque
1385 3698 1602 3749 voces
1643 3696 1819 3749 artes
1844 3731 1872 3766 ‚‚
1916 3679 2114 3751 haud
2150 3678 2348 3752 tarda
2389 3696 2805 3771 sequenth

713 3788 872 3861 Nec
907 3813 1061 3867 non
1101 3809 1172 3862 et
1208 3791 1457 3864 sterilis
1480 3844 1501 3882 ,
1555 3818 1752 3888 quae,
1786 3794 2127 3890 stirpibus
2167 3797 2313 3869 exit
2353 3795 2443 3869 ab
2483 3794 2688 3887 imis,
