3750 6217
386 782 465 851 aar,
584 755 1030 832 AENEIDOS
1086 759 1133 831 V.
1192 773 1226 829 u
1280 759 1371 855 589.

385 924 580 995 Parietibus
599 940 736 994 tentum
754 921 863 993 caecis
883 920 967 1009 iter,
987 921 1254 1017 ancipitemque

384 1041 488 1110 Mille
507 1040 572 1110 viis
594 1037 759 1109 habuisse
781 1037 936 1125 dolum,
964 1061 1042 1129 qua,
1057 1036 1155 1134 signa
1172 1035 1347 1130 sequendi

384 1156 414 1226 F
415 1158 535 1226 alleret
554 1153 789 1246 indeprensus
805 1170 840 1224 et
858 1150 1095 1222 inremeabilis
1113 1178 1214 1224 error·

385 1269 493 1341 Haud
512 1269 583 1338 alio
605 1267 787 1338 Teucriam
807 1267 880 1338 nati
897 1267 1042 1366 vestigia
1061 1291 1163 1358 cursu

388 1384 608 1478 lnpecliunt,
626 1399 824 1476 texuntque
845 1381 945 1478 sugas
965 1400 999 1453 et
1017 1384 1152 1477 proelia
1170 1381 1278 1463 ludos

384 1499 611 1592 Delphinum
633 1485 792 1586 similes,
824 1497 887 1591 qui
911 1523 975 1592 per
992 1497 1102 1568 maria
1118 1497 1268 1571 humida
1287 1498 1409 1574 nando

385 1615 617 1708 Carpathium
635 1612 886 1707 Libycumque
905 1632 1031 1685 secant.

384 1730 494 1800 Hunc
510 1753 670 1819 morem,
693 1728 760 1800 hos
779 1751 915 1816 cursus,
937 1747 1045 1823 atque
1062 1727 1147 1800 haec
1167 1731 1357 1802 certamina
1377 1730 1518 1826 primus

384 1845 577 1932 Ascanius,
598 1843 762 1942 Longam
781 1843 891 1915 muris
911 1868 1029 1937 quom
1048 1845 1201 1941 cingeret
1220 1844 1376 1938 Albam,

383 1959 543 2048 Retulit,
570 1977 605 2030 et
623 1960 760 2053 priscos
779 1958 902 2030 docuit
921 1958 1094 2031 celebrare
1114 1960 1285 2051 Latinos,

385 2074 474 2179 Quo
492 2099 580 2168 puer
600 2075 676 2168 ipse
699 2074 839 2161 modo,
862 2099 982 2145 secum
1001 2091 1076 2168 'quo
1098 2076 1207 2148 Troia
1229 2075 1355 2172 pubes.

385 2181 517 2261 Albani
538 2189 690 2262 docuere
711 2214 794 2260 suos
818 2217 826 2257 z
854 2191 937 2261 hinc
956 2215 1126 2261 maxuma
1146 2215 1253 2286 porro

385 2301 541 2398 Adcepit
557 2303 699 2393 Roma,
720 2322 755 2375 et
773 2305 927 2399 patrium
947 2307 1093 2377 servavit
1109 2307 1308 2378 honorem:

385 2417 569 2512 Troiaque
589 2443 711 2508 nunc,
736 2421 861 2514 pueri,
885 2419 1084 2491 Troianum
1102 2421 1231 2493 dicitur
1247 2443 1386 2521 agmen.

386 2533 464 2606 Hac
485 2535 655 2606 celebrata
673 2553 778 2608 tenus
796 2553 916 2607 sancto
938 2536 1127 2608 certamina
1146 2538 1245 2631 patri.

442 2646 512 2722 Hic
531 2652 692 2744 primum
710 2649 865 2720 Fortuna
883 2650 994 2721 fidem
1014 2671 1149 2724 mutata
1166 2652 1321 2725 novavit·

385 2755 484 2838 Dum
505 2765 607 2837 variis
625 2767 768 2836 tumulo
789 2765 942 2838 referunt
958 2768 1149 2839 sollemnia
1168 2765 1286 2858 ludis,

383 2877 472 2955 irim
492 2881 537 2953 de
557 2882 661 2953 coelo
680 2881 778 2952 misit
796 2879 954 2953 Saturnia
970 2879 1068 2972 Juno

384 2997 533 3068 Iliacam
552 2997 598 3067 ad
618 2999 786 3086 classem,
805 3017 1006 3091 ventosque
1026 2998 1179 3093 adspirat
1196 2989 1320 3086 eunti,

382 3113 500 3184 Multa
516 3137 686 3201 movens,
704 3137 769 3184 nec
787 3114 877 3184 dum
895 3116 1088 3208 antiquom
1108 3133 1256 3188 saturata
1273 3115 1449 3187 dolorem·

383 3230 451 3299 Illa
470 3230 566 3297 viam
582 3230 735 3298 celemus
752 3254 816 3321 per
834 3230 935 3299 mille
955 3230 1136 3303 coloribus
1153 3255 1297 3322 arcum,

383 3343 484 3412 Nulli
503 3343 601 3429 visa,
624 3343 694 3414 cito
713 3344 862 3413 decurrit
882 3344 1020 3415 tramite
1039 3346 1149 3440 virgo

383 3452 572 3550 Conspicit
592 3449 773 3552 ingentem
792 3482 1025 3547 concursum,
1048 3477 1083 3528 et
1098 3460 1200 3529 litora
1220 3461 1364 3552 lustrat,

383 3572 621 3662 Desertosque
641 3570 736 3641 videt
753 3587 898 3666 portus,
926 3573 1147 3665 classemque
1167 3573 1335 3644 relictam.

382 3686 430 3759 At
450 3688 576 3782 procul
595 3685 633 3755 in
653 3688 728 3758 sola
748 3705 895 3757 secretae
913 3672 1072 3757 Troades
1093 3705 1169 3757 acta

381 3803 566 3875 Amissum
584 3800 764 3872 Anchisen
781 3800 934 3890 flebant,
956 3820 1176 3896 cunctaeque
1196 3800 1421 3897 profundum

382 3919 541 3990 Pontum
561 3917 813 4012 adspectabant
832 3915 968 3988 flentes
1009 3917 1080 3988 heu
1102 3937 1156 3990 tot
1175 3918 1265 3989 vada
1282 3919 1404 4011 sessu,

381 4035 426 4107 Et
444 4056 584 4106 tantum
605 4057 784 4125 superesse
803 4033 910 4104 maris
934 4033 941 4102 !
972 4057 1045 4103 vox
1066 4034 1236 4105 omnibus
1257 4059 1337 4106 una.

379 4149 512 4219 Urbem
534 4164 635 4219 orant
661 4174 668 4214 z
697 4147 815 4218 taedet
831 4148 948 4245 pelagi
970 4147 1119 4243 perferre
1140 4150 1311 4222 laborem.

378 4261 469 4361 Ergo
492 4267 581 4336 inter
598 4262 734 4334 medias
753 4287 826 4334 sese
842 4263 938 4333 haud
957 4265 1074 4361 ignara
1094 4266 1250 4336 nocendi

377 4379 555 4474 Conjicit,
582 4397 618 4452 et
635 4376 835 4472 faciemque
855 4379 942 4449 deae
959 4398 1168 4473 vestemque
1187 4375 1340 4473 reponit.

376 4496 430 4564 Fit
452 4495 581 4584 Beroe,
606 4489 739 4564 Tmarii
763 4496 922 4592 conjunx
943 4497 1114 4592 longaeva
1130 4495 1297 4589 Dorycli3

375 4610 476 4719 Quoi
496 4637 630 4712 genus,
655 4629 690 4683 et
709 4609 899 4704 quondam
918 4632 1079 4701 nomen,
1102 4610 1249 4703 natique
1270 4607 1441 4685 fuissent:
