3750 6217
453 815 528 899 rat
640 791 1088 880 AENEIDOS
1145 793 1209 879 1'1.
1268 829 1302 878 v.
1359 787 1448 881 166.

447 971 558 1045 Troia
577 967 715 1050 fidem;
740 971 768 1042 si
787 995 866 1041 vera
884 966 1019 1057 feram,
1042 967 1071 1039 si
1091 993 1220 1067 magna
1238 970 1445 1066 rependam.

505 1087 639 1160 Omnis
658 1108 738 1180 spes
758 1085 951 1173 Danaum,
971 1101 1006 1153 et
1025 1085 1145 1180 coepti
1164 1084 1293 1158 fiducia
1313 1086 1401 1158 belli

448 1193 603 1276 Palladis
623 1188 765 1272 auxiliis
786 1217 926 1295 semper
945 1198 1048 1270 stelit.
1090 1197 1212 1293 inpius
1231 1227 1276 1273 ex
1294 1226 1370 1295 quo

448 1305 611 1415 Tydides
631 1316 694 1388 sed
713 1317 835 1404 enim„
858 1315 1103 1408 scelerumque
1124 1314 1289 1389 inventor
1306 1311 1453 1410 Ulixes,

447 1435 567 1506 Fatale
583 1425 735 1530 adgressi
757 1448 887 1504 sacrato
907 1431 1055 1500 avellere
1075 1434 1215 1525 templo

449 1548 672 1636 Palladium,
696 1548 804 1619 caesis
822 1569 984 1618 summae
1004 1545 1215 1620 custodibus
1235 1549 1338 1638 arcis,

448 1657 671 1757 Conripuere
689 1681 821 1733 sacram
841 1652 1018 1757 effigiem,
1041 1661 1282 1758 manibusque
1303 1666 1456 1742 cruentis

447 1779 633 1878 Virgineus
653 1775 729 1848 ausi
748 1775 850 1847 divae
871 1774 1074 1872 contingere
1091 1778 1215 1849 vittast

448 1895 504 1968 Ex
522 1894 586 1963 illo
607 1890 714 1963 fluere
735 1915 775 1961 ac
795 1907 884 1962 retro
906 1876 1071 1963 sublabsa
1088 1889 1203 1962 referri

448 2011 537 2105 Spes
552 2006 740 2085 Dananm3
761 2004 886 2077 fractae
905 2004 1016 2094 vires,
1039 2031 1155 2078 aversa
1173 2007 1260 2097 deae
1280 2023 1394 2083 mens.

448 2110 525 2196 Nec
543 2121 665 2195 dubiis
682 2147 722 2192 ea
740 2119 839 2220 signa
857 2119 957 2190 dedit
971 2111 1135 2193 Tritonia
1153 2124 1333 2197 monstris.

447 2239 525 2312 Vix
544 2237 708 2334 positum
727 2236 844 2308 castris
863 2236 1117 2317 simulacrum
1138 2262 1248 2310 arsere
1268 2265 1431 2312 coruscae

448 2347 668 2427 Luminibus
686 2351 853 2423 flammae
873 2350 1044 2441 adrectis,
1072 2354 1253 2447 salsusque
1271 2377 1335 2450 per
1354 2374 1447 2429 artus

447 2463 565 2542 Sudor
584 2469 649 2538 iit:
679 2485 801 2561 terque
820 2467 897 2562 ipsa
918 2469 998 2538 solo
1021 2467 1207 2561 (mirabile
1227 2465 1348 2565 dictu)

448 2576 623 2672 Emicuit,
643 2607 879 2678 parmamque
899 2579 1013 2655 ferens
1029 2584 1239 2678 hastamque
1256 2603 1480 2664 trementem.

447 2700 644 2794 Extemplo
663 2698 831 2771 tentanda
848 2685 931 2796 fuga
951 2699 1046 2770 canit
1065 2724 1219 2793 aequora
1237 2700 1402 2773 Calchas:

447 2804 526 2888 Nec
544 2838 652 2911 posse
668 2806 843 2913 Argolicis
862 2805 1021 2885 exscindi
1042 2814 1212 2913 Pergama
1227 2811 1307 2889 telis
1321 2846 1331 2896 ς

448 2928 586 3003 Omina
605 2927 644 3001 ni
661 2947 821 3025 repetant
837 2926 963 3028 Argis,
986 2953 1199 3024 numenque
1217 2932 1410 3025 reducant,

449 3046 565 3152 Quod
584 3047 712 3146 pelago
732 3064 767 3117 et
784 3043 897 3118 curvis
918 3069 1040 3117 secum
1058 3071 1202 3117 avexere
1222 3047 1356 3120 carinis.

448 3161 495 3235 Et
512 3185 630 3252 nunc,
652 3161 755 3257 quod
771 3160 898 3257 patrias
915 3173 1023 3232 vento
1044 3148 1175 3257 petiere
1194 3162 1387 3258 Mycenas,

447 3275 558 3348 Arma
574 3277 735 3369 deosque
752 3293 875 3372 parant
895 3276 1069 3366 comites,
1094 3280 1298 3376 pelagoque
1317 3299 1483 3352 remenso

448 3392 628 3488 Inprovisi
647 3391 805 3462 aderunt.
849 3390 898 3462 ita
917 3390 1044 3490 digerit
1064 3393 1188 3464 omina
1206 3393 1364 3465 Calchas.

448 3506 552 3578 Hanc
571 3531 637 3602 pro
659 3495 820 3577 Palladio
838 3508 994 3596 moniti,
1018 3523 1084 3602 pro
1105 3509 1256 3580 numine
1275 3509 1371 3579 laeso

447 3621 611 3720 Effigiem
631 3633 801 3701 statueret
830 3620 927 3693 nefas
948 3645 1039 3717 quae
1058 3623 1154 3694 triste
1170 3615 1291 3718 piaret

446 3736 550 3809 Hanc
569 3757 691 3809 tamen
709 3738 910 3809 inmensam
929 3737 1077 3810 Calchas
1096 3738 1267 3809 adtollere
1284 3737 1426 3810 molem

445 3851 653 3927 Roboribus
671 3853 799 3944 textis,
822 3853 1001 3947 coeloque
1021 3851 1168 3925 educere
1182 3849 1310 3953 jussit:

446 3965 503 4039 Ne
521 3969 630 4065 recipi
648 3970 784 4066 portis,
806 3982 868 4041 aut
888 3968 971 4040 duci
990 3960 1026 4040 ln
1046 3970 1192 4041 moenia
1210 3970 1349 4066 possitr

444 4079 527 4153 Neu
544 4087 727 4182 populum
747 4085 894 4180 antiqua
913 4076 981 4158 sub
1000 4085 1170 4185 religione
1187 4087 1287 4158 tueri.

444 4191 541 4268 Nam
562 4193 590 4270 si
608 4219 719 4271 vestra
738 4219 867 4273 manus
885 4202 1052 4273 violasset
1072 4202 1168 4273 dona
1188 4202 1391 4294 Minervae,

443 4307 545 4382 Turn
565 4337 737 4414 magnum
758 4315 910 4388 exitium
932 4316 1056 4411 (quod
1076 4317 1138 4388 Dii
1159 4320 1258 4413 prius
1279 4334 1390 4389 omen
1411 4320 1449 4389 in
1470 4319 1592 4415 ipsum

445 4424 683 4526 Convertunt)
705 4432 836 4503 Priami
857 4432 1009 4528 imperio
1033 4432 1302 4532 Phrygibusque
1319 4433 1490 4506 futurum.

442 4540 506 4613 Sin
523 4539 692 4619 manibus
709 4549 831 4620 vestris
847 4566 997 4617 vestram
1018 4548 1255 4619 adscendisset
1275 4548 1312 4617 in
1330 4548 1457 4620 urbem
1473 4580 1485 4632 ς

441 4654 544 4733 Ultro
564 4654 688 4736 Asiam
704 4687 838 4765 magno
857 4661 1014 4756 Pelopea
1034 4653 1244 4735 ad‘moenia
1262 4661 1362 4736 bello
