3750 6217
286 935 840 1068 ECLOGA
927 933 1468 1062 DECIMA.

214 1141 219 1151 ’
505 1209 1270 1384 clerus

275 1555 605 1641 EXTREMUM
634 1568 757 1656 hunc,
786 1564 988 1656 Arethusa,
1013 1566 1105 1636 mihi
1131 1565 1288 1637 concede
1313 1564 1486 1637 laborem.

279 1683 394 1756 Pauca
413 1707 498 1754 meo
523 1679 655 1772 Gallo,
678 1682 742 1753 sed
765 1706 857 1776 quae
875 1683 969 1779 legat
988 1682 1066 1778 ipsa
1089 1681 1258 1777 Lycoris,

276 1799 444 1871 Carmina
469 1816 552 1871 sunt
574 1797 734 1868 dicenda.
771 1816 877 1895 neget
897 1797 978 1891 quis
996 1798 1151 1868 carmina
1172 1794 1310 1868 Gallo?

277 1914 333 1987 Sic
355 1914 449 2003 tibi,
475 1938 593 2009 quom
612 1912 742 1985 fluctus
766 1911 1003 1985 subterlabere
1020 1910 1193 2002 Sicanos,

276 2029 384 2102 Doris
404 2054 521 2101 amara
541 2055 644 2102 suam
663 2054 740 2100 non
760 2029 995 2101 intermisceat
1011 2026 1159 2098 undam.

275 2143 426 2240 Incipe:
451 2146 623 2219 sollicitos
644 2143 741 2216 Galli
759 2143 920 2216 dicamus
939 2166 1097 2234 amores,

265 2259 378 2331 ·Dum
398 2279 516 2334 tenera
536 2261 738 2361 adtondent
762 2260 871 2334 simae
894 2260 1042 2357 virgulta
1064 2259 1230 2354 capellae.

215 2404 218 2409 ·
275 2372 365 2447 Non
383 2375 545 2449 canimus
572 2377 685 2450 surdis
707 2401 715 2446 ε
742 2373 963 2470 respondent
985 2373 1108 2445 omnia
1129 2374 1244 2446 silvae.

334 2490 439 2596 Quae
459 2515 634 2583 nemora,
657 2512 718 2565 aut
735 2493 800 2587 qui
820 2516 886 2564 vos
906 2492 1015 2565 saltus
1034 2490 1212 2578 habuere,
1240 2491 1383 2584 puellae

276 2605 431 2699 Naides,
457 2608 606 2707 indigno
625 2634 742 2703 quom
764 2606 890 2679 Gallus
908 2631 1031 2678 amore
1052 2606 1204 2701 periret?

277 2720 374 2792 Nam
393 2747 512 2818 neque
533 2723 674 2796 Parnasi
694 2723 798 2796 vobis
814 2726 925 2822 juga,
954 2746 1040 2792 narn
1061 2746 1180 2815 neque
1201 2720 1307 2800 Pindi

277 2834 360 2907 Ulla
379 2862 521 2909 moram
547 2837 681 2930 fecere,
710 2864 829 2933 neque
850 2834 967 2909 Aonie
984 2835 1184 2934 Aganippe.

275 2951 392 3021 Illum
414 2955 521 3023 etiarn
542 2953 657 3044 lauri,
686 2955 792 3025 etiam
812 2951 939 3023 flevere
959 2948 1134 3047 myricae:

280 3063 413 3135 Pinifer
434 3067 540 3139 illum
557 3067 665 3139 etiam
685 3069 762 3139 sola
784 3067 850 3139 sub
874 3092 963 3160 rupe
977 3068 1157 3164 jacentem

280 3179 491 3271 Maenalus,
515 3201 550 3253 et
571 3181 679 3281 gelidi
699 3181 871 3273 fleverunt
888 3205 971 3252 saxa
989 3180 1127 3277 Lycaei.

278 3295 379 3369 Stant
401 3316 440 3368 et.
456 3322 540 3369 oves
565 3299 696 3370 circum
721 3326 729 3366 ε
761 3295 873 3368 nostri
893 3320 960 3367 nec
979 3294 1141 3390 poenitet
1160 3294 1262 3366 illas:

278 3410 356 3483 Nec
378 3430 413 3483 te
436 3414 617 3507 poeniteat
636 3413 797 3509 pecoris,
829 3410 950 3481 divine
970 3423 1099 3505 po'e'ta:

279 3526 325 3599 Et
345 3525 526 3601 formosus
548 3530 626 3602 ovis
651 3529 696 3599 ad
716 3527 867 3599 flumina
888 3527 984 3622 pavit
1003 3523 1152 3599 Adonis.

279 3639 391 3715 Venit
412 3663 447 3715 et
466 3645 581 3746 upilio
605 3672 612 3712 :
640 3643 731 3716 tardi
748 3668 874 3716 venere
892 3641 1060 3713 bubulci:

281 3755 419 3831 Uvidus
440 3758 590 3830 hiberna
611 3762 710 3831 venit
733 3760 778 3831 de
803 3759 932 3859 glande
956 3758 1144 3830 Menalcas

280 3872 441 3963 Omnes,
465 3873 570 3945 Unde
588 3900 689 3947 amor
709 3877 794 3965 iste,
819 3894 967 3974 rogant,
990 3873 1056 3945 tibi
1073 3876 1089 3944 ?
1118 3873 1215 3947 venit
1233 3872 1392 3971 Apollo:

282 3986 416 4079 Galle,
448 3990 538 4083 quid
556 3991 722 4063 insanis?
753 3991 891 4085 inquit,
919 4010 979 4060 tua
998 4013 1078 4061 cura
1102 3991 1247 4086 Lycoris

282 4100 420 4197 Perque
440 4103 540 4179 nives
561 4107 699 4196 alium,
724 4131 860 4201 perque
878 4106 1018 4177 horrida
1039 4124 1146 4178 castra
1170 4125 1287 4179 secuta
1306 4124 1365 4179 est.
1443 4100 1448 4109 ’

280 4214 392 4290 Venit
416 4237 451 4291 et
477 4220 598 4319 agresti
623 4222 747 4316 capitis
774 4220 936 4295 Silvanus
960 4222 1125 4314 honore,

282 4331 458 4408 florentis
473 4334 600 4410 ferulas
620 4355 654 4409 et
671 4338 816 4438 grandia
835 4339 908 4409 lilia
928 4363 1106 4433 quassans.

283 4446 359 4519 Pan
384 4450 473 4524 deus
495 4451 662 4525 Arcadiae
680 4455 802 4527 venit:
831 4479 942 4549 quern
961 4454 1118 4525 vidimus
1138 4453 1208 4548 ipsi

283 4561 489 4663 Sanguineis
509 4569 606 4640 ebuli
630 4570 725 4644 bacis
748 4570 938 4666 minioque
962 4569 1159 4642 rubentem.

283 4677 417 4774 Ecquis
444 4682 506 4754 erit
524 4685 656 4758 modus
680 4688 697 4755 ?
723 4687 847 4780 inquit.
889 4686 1003 4756 Amor
1022 4708 1099 4756 non
1116 4685 1198 4757 talia
1217 4700 1321 4756 curat.

1176 4800 1258 4873 Ea
