3750 6217
342 695 421 769 oya
538 669 989 749 AENEIDOS
1048 676 1127 749 lx
1184 698 1218 748 v.
1273 695 1365 770 754.

338 837 523 934 Rumpere
540 840 690 911 claustra
708 865 821 912 manu
841 840 1033 935 sociosque
1049 840 1229 917 inmittere
1248 840 1389 937 portis,

338 953 502 1038 Ultimus
518 954 579 1025 ille
598 954 675 1031 dies
692 955 791 1027 bello
809 956 980 1054 gentique
997 954 1130 1032 fuisset.

339 1067 411 1140 Sed
428 1066 526 1148 furor
545 1071 728 1159 ardentem
746 1070 937 1165 caedisque
954 1069 1078 1162 insana
1099 1068 1237 1167 cupido

338 1184 424 1281 Egit
444 1183 483 1254 in
500 1185 675 1257 adversos.

339 1298 526 1392 Principio
547 1299 748 1389 Phalerim,
776 1320 812 1374 et
832 1300 969 1385 succiso
990 1301 1135 1396 poplite
1153 1299 1284 1399 Gygen

339 1414 512 1507 Excipit:
541 1414 625 1484 hinc
645 1433 760 1509 raptas
780 1413 1001 1515 fugientibus
1021 1414 1148 1513 ingerit
1167 1416 1287 1493 hastas

339 1529 388 1598 In
404 1548 554 1625 tergum.
586 1527 685 1615 Juno
705 1531 795 1601 vires
815 1532 1058 1624 animumque
1077 1530 1264 1621 ministrat

339 1642 453 1720 Addit
470 1642 605 1736 Halym
625 1645 819 1733 comitem,
847 1663 883 1717 et
899 1644 1040 1717 confixa
1062 1644 1200 1743 Phegea
1218 1668 1365 1740 pamiae

339 1758 490 1856 Ignaros
510 1758 641 1842 deinde
664 1759 702 1847 in
717 1760 829 1836 muris
847 1759 1073 1855 Martemque
1089 1759 1214 1842 cientis

339 1872 636 1966 Alcandrumque
654 1874 879 1967 Haliumque
899 1874 1169 1968 Noemonaque
1192 1873 1461 1971 Prytanirpque.

340 1988 485 2082 Lyncea
501 1989 712 2060 tendentem
733 1997 876 2077 c'ontra,
900 1991 1094 2081 sociosque
1114 2007 1332 2081 vocantem,

341 2102 509 2173 Vibranti
530 2102 651 2199 gladio
673 2104 850 2175 connixus
870 2104 915 2173 ab
935 2127 1057 2201 aggere
1077 2103 1200 2199 dexter

340 2219 509 2312 Occupat
532 2244 541 2285 a
570 2216 655 2314 huie
675 2241 750 2302 unp
771 2216 951 2315 dejectum
971 2220 1181 2300 comminus
1201 2219 1275 2291 ictu

341 2333 439 2402 Cum
458 2333 560 2429 galea
580 2332 687 2430 longe
701 2332 816 2429 jacuit
832 2351 950 2426 caput
991 2332 1077 2412 inde
1098 2332 1250 2406 ferarum

339 2446 572 2519 Vastatorem
592 2444 796 2540 Amycum,
819 2472 900 2540 quo,
917 2471 998 2535 non
1013 2445 1152 2536 felicior
1170 2432 1256 2519 alter

339 2562 509 2660 Unguere
525 2563 597 2633 tela
613 2584 751 2650 manu,
773 2559 978 2655 ferrumque
998 2588 1135 2651 annare,
1149 2586 1291 2637 veneno
1307 2588 1317 2632 z

340 2676 388 2750 Et
408 2675 572 2772 Clytium
594 2674 794 2765 Aeoliden,
818 2694 853 2749 et
870 2678 1030 2748 amicum
1050 2675 1201 2756 Crethea
1219 2676 1359 2768 Musis3

341 2791 492 2864 Crethea
510 2791 695 2869 Musarum
713 2792 915 2880 comitem,
930 2792 991 2866 cui
1008 2792 1165 2879 carmine
1185 2816 1327 2887 semper

339 2906 388 3002 Et
407 2908 555 2993 citharae
573 2906 695 2995 cordi,
717 2931 961 3001 numerosque
981 2906 1164 2994 intendere
1184 2908 1322 2978 nervis:

340 3020 491 3116 Semper
509 3045 644 3115 equos,
670 3039 779 3115 atque
796 3045 897 3111 arma,
911 3021 1050 3110 virum,
1075 3046 1288 3119 pugnasque
1307 3021 1474 3106 canebat.

399 3135 568 3206 Tandem
586 3136 777 3224 ductores,
804 3135 925 3210 audita
943 3136 1051 3215 caede
1068 3162 1236 3228 suorum,

341 3249 577 3342 Conveniunt
592 3249 739 3339 Teucri,
764 3249 972 3323 Mnestheus
993 3276 1142 3344 acerque
1161 3249 1344 3334 Serestusr

341 3364 576 3455 palantisque
591 3347 715 3444 uident
735 3365 876 3453 socios,
897 3366 1113 3459 hostemque
1134 3384 1328 3459 receptum.

340 3479 388 3565 Et
404 3478 614 3551 Mnestheus
633 3505 640 3546 :
671 3478 760 3584 Quo
777 3479 908 3550 deinde
923 3478 1069 3579 fugam,
1089 3506 1168 3575 quo⁴
1184 3480 1362 3564 tenditis?
1387 3481 1525 3577 inquit.

342 3593 449 3700 Quos
469 3593 559 3665 alios
578 3618 724 3682 muros,
745 3619 836 3686 quae
851 3597 929 3692 jam
949 3597 1040 3667 ultra
1059 3596 1210 3687 muenia¹
1225 3596 1391 3668 habetis?

340 3710 445 3809 Unus
462 3710 601 3799 home,
620 3727 657 3787 et
674 3710 812 3798 vestris,
831 3736 853 3780 o
873 3710 989 3798 cives,
1010 3711 1175 3803 undique
1195 3728 1316 3812 septus

339 3823 556 3923 Aggeribus,
581 3843 696 3905 tantas
717 3842 844 3923 strages
864 3826 1002 3919 inpune
1019 3850 1083 3919 per
1100 3823 1226 3918 urbem

340 3938 500 4011 Ediderit
520 3941 536 4008 Ρ
561 3941 740 4036 juvenum
762 3941 903 4034 primos⁴
918 3958 975 4023 tot
990 3941 1129 4013 miserit
1146 3938 1242 4028 Orco
1257 3942 1274 4011 Ρ

339 4053 427 4125 Non
445 4052 598 4151 infelicis
617 4056 749 4146 patriae
768 4073 1001 4148 veterumque
1021 4055 1197 4150 deorum,

339 4169 386 4245 Et
402 4166 528 4268 magni
544 4164 683 4241 Aeneae
702 4194 832 4266 segnes¹
844 4170 1060 4269 miseretque
1077 4169 1296 4273 pudetque.i

338 4282 495 4358 Talibus
509 4281 651 4353 adcensi
670 4281 874 4386 firmantur,
897 4303 934 4361 et
950 4286 1093 4384 agmine
1110 4285 1224 4380 denso

338 4397 562 4470 Consistunt
604 4385 748 4485 Turnus
765 4400 956 4494 paullatim
974 4400 1141 4478 excedere
1161 4423 1307 4500 pugna,

337 4513 384 4587 Et
400 4512 555 4594 fluvium
575 4528 716 4607 petere,
740 4538 780 4601 ac
801 4532 965 4611 partem,
991 4541 1083 4611 quae
1104 4515 1256 4614 cingitue
1273 4513 1382 4602 tmda,

113 5119 384 5566 m
