3750 6217
691 490 718 539 Ι

711 702 813 773 30
1167 670 1848 749 ECLOGA
1962 668 2249 744 VIII.
2364 660 2665 761 v.'58.‘

702 840 979 914 Omnia
1023 841 1138 911 vel
1180 839 1512 911 medium
1563 839 1737 910 fiant
1783 862 1977 909 mare
2020 864 2036 905 ε
2092 837 2310 909 vivite
2357 838 2593 911 silvae.

705 957 1048 1052 Praeceps
1097 956 1262 1027 aerii
1299 956 1590 1051 specula
1635 954 1725 1025 de
1765 952 2040 1025 montis
2080 953 2156 1023 in
2194 954 2426 1027 undas

706 1072 1009 1145 Deferat.
1087 1090 1486 1143 extremum
1535 1071 1676 1142 hoc
1723 1093 1994 1143 munus
2037 1069 2415 1143 morientis
2462 1070 2751 1147 habeto.

705 1188 973 1262 Desine
1005 1241 1026 1276 ,
1074 1186 1471 1259 Maenalios
1497 1189 1650 1286 jam
1688 1186 1933 1259 desine
1966 1238 1989 1275 ,
2042 1184 2221 1257 tibia
2254 1239 2275 1276 ‚
2324 1212 2584 1260 versus.
2726 1282 2737 1295 .

822 1303 1017 1375 Haec
1053 1302 1348 1374 Damon
1388 1330 1405 1371 ι
1450 1328 1584 1373 vos
1614 1355 1635 1392 ‚
1681 1327 1866 1396 quae
1908 1301 2359 1397 responderit
2395 1302 2995 1399 Alphesiboeus'‚'

707 1419 943 1492 Dicite
970 1472 991 1509 ‚
1036 1418 1364 1491 PierideS.
1441 1442 1596 1489 uon
1636 1419 1885 1489 omnia
1923 1440 2316 1511 possumus
2352 1442 2632 1494 omneS.

1489 1552 2337 1605 ALPHESIBOEUS.

707 1649 894 1724 Effer
925 1674 1193 1745 aquam
1223 1704 1244 1741 ‚
1296 1669 1367 1723 et
1405 1650 1622 1720 molli
1659 1650 1867 1748 cinge
1906 1649 2077 1721 haec
2116 1652 2355 1721 altaria
2390 1652 2617 1725 vitta:

707 1762 1224 1860 verbenasque
1259 1766 1472 1837 adole
1507 1766 1796 1865 pinguis
1832 1783 1904 1838 et
1940 1766 2256 1839 mascula
2291 1785 2441 1839 tura
2474 1795 2492 1836 t

710 1881 1063 1980 Conjugis
1100 1902 1183 1954 ut
1218 1882 1514 1981 magicis
1560 1906 1775 1956 sanos
1814 1901 2118 1954 avertere
2162 1883 2373 1954 sacris

710 1996 1049 2091 Experiar
1087 2022 1352 2070 sensus.
1436 1998 1619 2069 nihil
1661 1992 1776 2069 hic
1815 2000 1954 2071 nisi
1992 1998 2305 2069 carmina
2344 1998 2622 2072 desunt.

714 2110 973 2183 Ducite
1007 2111 1098 2181 ab
1137 2111 1311 2182 urbe
1354 2113 1667 2183 domurn
1692 2168 1713 2203 ‚
1759 2139 1922 2185 mea
1959 2115 2306 2203 carmina,
2349 2115 2589 2187 ducite
2624 2112 3002 2213 Daphnin.

715 2225 1051 2298 Carmina
1091 2228 1207 2297 vel
1247 2227 1454 2298 coelo
1491 2246 1799 2324 possunt
1833 2230 2188 2301 deducere
2225 2227 2549 2301 Lunam:

715 2340 1178 2415 Carminibus
1225 2341 1427 2413 Circe
1474 2345 1710 2416 socios
1745 2346 2052 2417 mutavit
2090 2346 2331 2417 Ulixi:

713 2457 1039 2555 Frigidus
1080 2458 1155 2528 in
1196 2458 1414 2553 pratis
1447 2459 1802 2530 cantando
1838 2462 2197 2556 rumpitur
2234 2463 2508 2562 anguis.

717 2572 978 2645 Ducite
1027 2572 1117 2644 ab
1156 2573 1331 2644 urbe
1380 2575 1692 2669 domum
1720 2630 1742 2665 ,
1784 2601 1949 2647 mea
1988 2578 2301 2648 carmina
2331 2633 2353 2668 ‚
2405 2578 2644 2650 ducite
2694 2576 3069 2677 Daphnin.

718 2687 954 2760 Terna
1001 2688 1135 2759 tibi
1164 2689 1337 2761 haec
1377 2692 1702 2786 primum
1743 2692 2005 2786 triplici
2048 2692 2321 2766 diversa
2367 2694 2611 2765 colore

717 2804 918 2878 Licia
968 2804 1336 2877 circumdo
1377 2862 1399 2897 ‚
1453 2826 1698 2901 terque
1736 2809 1909 2878 haec
1948 2808 2188 2911 altaria
2238 2810 2505 2881 circum

720 2920 1047 3019 Effigiem
1088 2921 1301 2993 duco,
1373 2946 1680 2994 numero
1721 2922 1900 2996 deus
1944 2924 2189 3020 inpare
2235 2925 2512 3024 gaudet.

721 3035 982 3108 Ducite
1020 3036 1110 3108 ab
1149 3037 1323 3110 urbe
1362 3039 1715 3130 domum,
1766 3063 1932 3111 mea
1968 3043 2279 3112 carmina
2302 3095 2323 3130 ‚
2377 3040 2615 3112 ducite
2654 3038 3029 3135 Daphnin.

722 3146 946 3223 Necte
981 3153 1205 3225 tribus
1245 3155 1461 3227 nodis
1500 3175 1739 3229 ternos
1764 3211 1786 3246 ‚
1830 3154 2182 3251 Amarylli
2206 3211 2229 3247 ‚
2285 3160 2600 3229 colores:

721 3262 949 3337 Necte
972 3321 992 3355 ,
1028 3250 1419 3361 Amarylli.
1463 3271 1695 3342 modo
1735 3299 1751 3340 :
1793 3289 1864 3344 et
1887 3326 1909 3361 ,
1943 3271 2247 3345 Veneris
2272 3326 2293 3363 ‚
2326 3272 2444 3344 dic
2471 3326 2493 3361 ,
2531 3271 2822 3342 vincula
2854 3289 3096 3342 nect0.

724 3377 985 3451 Ducite
1017 3380 1107 3450 ab
1144 3382 1317 3454 urbe
1352 3384 1666 3456 domum
1699 3441 1720 3476 ‚
1773 3412 1937 3459 mea
1973 3390 2286 3459 carmina
2308 3442 2329 3479 ‚
2380 3387 2618 3459 ducite
2657 3384 3031 3480 Daphnin.

724 3494 982 3568 Limus
1019 3514 1103 3567 ut
1134 3497 1250 3568 hic
1286 3498 1627 3591 durescit,
1678 3520 1750 3574 et
1783 3502 1958 3575 haec
1995 3522 2078 3575 ut
2111 3530 2262 3576 cera
2301 3503 2634 3598 liquescit

724 3607 896 3681 Uno
939 3610 1348 3705 eodemque
1387 3615 1534 3714 igni
1571 3648 1588 3697 ;
1637 3617 1733 3690 sic
1772 3637 2020 3691 nostro
2070 3618 2399 3716 Daphnis
2435 3645 2699 3693 amore.

723 3721 988 3824 Sparge
1028 3728 1306 3799 molam
1339 3785 1361 3820 ,
1407 3750 1478 3803 et
1515 3730 1778 3831 fragilis
1819 3735 2123 3807 incende
2158 3734 2517 3807 bitumine
2557 3737 2824 3808 laurus.

726 3838 1059 3936 Daphnis
1099 3869 1219 3915 me
1255 3848 1497 3919 malus
1535 3848 1675 3921 urit
1713 3878 1730 3918 z
1788 3875 1921 3947 ego
1960 3851 2142 3923 hanc
2183 3852 2259 3922 in
2300 3850 2693 3946 Daphnide
2730 3852 3040 3923 laurum.
