3750 6217
498 747 1128 833 AENEIDOS‘XII.
1187 779 1222 829 v.
1269 752 1365 847 557'.
1465 754 1546 858 '401

335 929 405 1001 Ille
422 941 480 1017 ut,
501 923 677 1022 vestigans
696 921 835 994 diversa
852 943 917 1015 per
935 919 1082 1020 agmina
1100 916 1288 1014 Turnum,¹

332 1044 418 1116 Huc
435 1059 544 1136 atque
560 1040 631 1110 huc
648 1039 742 1112 acies
762 1036 1001 1117 circumtulit3
1026 1036 1181 1134 adspicit
1200 1037 1329 1115 urbem

331 1161 533 1232 Inmunem
551 1157 643 1228 tanti
662 1154 777 1246 belli,
799 1171 909 1247 atque
929 1153 1068 1248 inpune
1087 1156 1260 1248 quietam.
1384 1254 1387 1259 Ι

332 1275 521 1348 Continuo
542 1296 685 1371 pugnae
705 1268 874 1344 adcendit
893 1268 1039 1368 majoris
1057 1270 1203 1372 imago:

331 1391 543 1479 Mnesthea,
563 1386 839 1486 Sergestumque
858 1402 990 1477 vocat,
1014 1383 1221 1482 fortemque
1241 1387 1484 1486 Cloanthum,

333 1506 534 1595 Ductores,
560 1505 822 1596 tumulumque
840 1503 962 1599 capit;
994 1526 1069 1597 quo
1090 1518 1203 1577 cetera
1223 1503 1407 1583 Teucrum

331 1622 524 1694 Concurrit
540 1621 637 1719 legio
659 1649 667 1690 :
697 1643 763 1691 nec
785 1637 882 1693 scuta
901 1634 964 1691 aut
981 1619 1119 1715 spicula
1137 1618 1242 1696 densi

331 1736 547 1834 Deponunt.
584 1738 680 1810 celso
700 1736 847 1809 medius
863 1754 960 1809 stans
976 1759 1102 1837 aggere
1119 1736 1233 1811 fatur:

233 1864 242 1942 ',
332 1852 392 1927 Ne
412 1880 484 1948 qua
503 1853 593 1925 meis
610 1870 686 1925 esto
707 1851 811 1927 dictis
827 1876 949 1925 mora:
977 1852 1147 1950 Juppiter
1164 1855 1232 1928 hac
1250 1872 1329 1932 stat.
1439 1870 1443 1877 '

332 1968 419 2044 Neu
439 1971 522 2065 quis
541 1969 591 2042 ob
610 1970 799 2065 inceptum
816 1969 982 2044 subitum
997 1971 1089 2043 mihi
1107 1971 1250 2073 segnior
1267 1972 1331 2046 ito.

332 2084 470 2159 Urbem
490 2085 623 2178 hodie,
647 2111 808 2160 caussam
827 2085 942 2181 belli,
965 2110 1071 2188 regna
1088 2089 1169 2184 ipsa
1188 2087 1328 2183 Latini,

331 2200 384 2274 Ni
402 2201 546 2274 frenum
564 2204 750 2299 adripere,
771 2222 809 2277 et
825 2201 910 2276 victi
929 2228 1052 2301 parere
1071 2202 1246 2299 fatentur,

331 2317 488 2409 Enram,
509 2337 545 2392 et
558 2344 679 2412 ¹aequa
698 2322 779 2392 solo
799 2319 979 2391 fumantia
998 2323 1159 2389 culmina
1175 2346 1328 2412 ponam.

331 2430 474 2506 Scilicet
491 2452 717 2528 exspectem,
737 2432 847 2502 libeat
864 2432 957 2501 dum
974 2430 1113 2525 proelia
1131 2432 1261 2507 Turno

332 2548 466 2622 Nostra
483 2549 579 2643 pati:
603 2570 794 2639 mrsusque
812 2545 900 2616 velit
919 2568 1128 2619 concurrere
1147 2547 1294 2623 victus?

332 2663 418 2737 Hoc
438 2681 567 2758 caput,
595 2689 618 2734 o
638 2663 756 2752 cives,
778 2661 863 2733 haec
882 2657 972 2730 belli
990 2684 1134 2734 summa
1154 2663 1319 2739 nefandi,

332 2779 434 2853 ferte
452 2778 544 2852 faces
564 2804 741 2875 propere,
767 2775 972 2870 foedusque
986 2778 1164 2870 reposcite
1184 2774 1358 2852 flammis.

333 2894 480 2970 Dixerat
501 2923 510 2962 ι
540 2913 648 2988 atque
666 2893 799 2964 animis
817 2892 947 2984 parioer
964 2891 1180 2964 certantibus
1200 2916 1332 2970 omnes

332 3010 432 3083 Dant
451 3033 631 3089 cuneum;
651 3008 835 3101 densaque
856 3002 903 3075 ad
922 3027 1049 3077 muros
1065 3009 1168 3079 mole
1188 3006 1357 3084 feruntur.

334 3124 457 3199 Scalae
475 3125 686 3219 inproviso,
708 3123 924 3216 subitusque
945 3119 1110 3215 adparuit
1129 3124 1233 3223 ignis.

333 3241 547 3314 Discurrunt
565 3240 627 3310 alii
646 3238 693 3312 ad
713 3257 859 3335 portas,
880 3235 1095 3334 primosque
1113 3237 1316 3313 trucidant:

332 3358 482 3430 Ferrum
502 3355 564 3427 alii
584 3374 778 3450 torquent,
802 3373 837 3426 et
855 3354 1078 3427 obumbrant
1093 3357 1233 3428 aethera
1251 3358 1342 3434 telis.

333 3473 421 3569 Ipse
442 3473 532 3544 inter
551 3472 693 3568 primos
710 3471 873 3544 dextram
892 3470 960 3543 sub
979 3472 1126 3543 moenia
1152 3471 1270 3548 tendit

332 3587 494 3678 Aeneas,
518 3610 723 3686 magnaque
743 3588 882 3660 incusat
898 3610 989 3659 voce
1007 3584 1204 3671 Latinum:

333 3703 573 3799 Testaturque
592 3703 683 3776 deos
704 3705 836 3778 iterum
856 3728 893 3775 se
913 3702 960 3774 ad
977 3704 1113 3798 proelia
1132 3707 1234 3806 cogi:

332 3819 393 3894 Bis
408 3824 485 3919 jam
503 3821 616 3893 ltalos
633 3821 770 3911 hostis,
794 3821 881 3892 haec
901 3820 1007 3891 altera
1027 3817 1170 3892 foedera
1188 3823 1321 3919 nimpi.

333 3937 502 4010 Exoritur
519 3937 682 4030 trepidos
701 3937 792 4008 inter
809 3934 989 4009 discordia
1009 3935 1118 4009 civis:

335 4052 474 4124 Urbem
492 4051 552 4121 alii
569 4076 716 4123 reserare
731 4052 885 4151 jubent,
908 4071 945 4125 et
961 4051 1118 4149 pandere
1135 4067 1256 4149 portas

335 4164 575 4255 Dardanidis,
597 4167 797 4262 ipsumque
815 4170 961 4242 trahunt
978 4171 1017 4241 in
1033 4170 1183 4242 moenia
1202 4196 1351 4273 regemt

335 4280 446 4354 Arma
463 4281 581 4353 ferunt
598 4283 686 4375 alii,
712 4302 749 4355 et
766 4303 920 4384 pergunt
940 4285 1129 4359 defendere
1148 4312 1285 4365 muros.
1328 4282 1331 4287 ’

335 4399 501 4471 Inclusas
521 4413 561 4469 ut
580 4424 698 4495 quom
719 4398 899 4476 latebroso
920 4404 959 4475 in
976 4404 1123 4499 pumice
1142 4424 1266 4501 pastor

335 4512 538 4615 Vestigavit
554 4540 663 4611 apes,
687 4515 867 4612 fumoque
887 4518 1041 4615 inplevit
1060 4535 1209 4604 ama103

282 4675 284 4678 -
336 4628 429 4705 Illae
446 4631 545 4708 intus
560 4633 720 4732 trepidae
736 4659 854 4713 rerum
871 4660 936 4732 per
954 4660 1052 4715 cerea
1071 4654 1181 4713 castra
