3750 6217
725 693 826 780 56
1081 692 2772 792 GEORGICON1.v.490:

716 855 1083 928 Romanas
1125 858 1308 930 acies
1349 858 1604 930 iterum
1638 855 1873 927 videre
1914 855 2274 951 Philippi:

719 971 872 1043 Nec
909 971 1048 1043 fuit
1092 971 1475 1071 indignum
1525 971 1834 1065 superis,
1884 970 1997 1042 bis
2034 975 2373 1069 sanguine
2410 990 2661 1045 nostro

715 1086 1118 1159 Emathiam
1148 1141 1169 1173 ‚
1231 1106 1301 1160 et
1340 1090 1522 1160 latos
1562 1086 1819 1157 Haemi
1859 1088 2315 1185 pinguescere
2355 1112 2675 1185 campos,

717 1199 999 1273 Scilicet
1037 1220 1107 1273 et
1143 1221 1433 1298 tempus
1465 1203 1735 1291 veniet,
1782 1226 2013 1295 quom
2054 1201 2318 1275 finibus
2353 1204 2498 1276 illis
2692 1208 2699 1213 ’

716 1317 1041 1417 Agricola
1068 1372 1090 1407 ‚
1147 1318 1438 1388 incurvo
1480 1336 1735 1389 terram
1782 1318 2082 1389 molitus
2124 1336 2394 1408 aratro,

721 1432 946 1504 Exesa
992 1433 1304 1503 inveniet
1344 1431 1578 1505 scabra
1616 1431 1943 1531 robigine
1983 1433 2173 1525 pila:

713 1545 863 1619 Aut
905 1547 1228 1645 gravibus
1276 1550 1502 1620 rastris
1541 1550 1770 1647 galeas
1812 1546 2129 1642 pulsabit
2167 1548 2445 1621 inanis=

714 1661 1177 1757 Grandiaque
1222 1662 1493 1736 effossis
1527 1662 1896 1734 mirabitur
1936 1687 2093 1734 ossa
2133 1666 2488 1758 sepulcris.

713 1777 839 1850 Dii
888 1779 1097 1873 patrii
1136 1778 1495 1876 Indigetes
1523 1831 1545 1867 ,
1593 1796 1665 1849 et
1700 1777 2018 1848 Romule
2043 1832 2063 1867 ,
2107 1777 2474 1874 Vestaque
2511 1799 2733 1852 mater
2756 1830 2780 1871 ,

714 1891 923 1998 Quae
960 1892 1283 1966 Tuscum
1326 1893 1648 1964 Tiberim
1671 1946 1693 1982 ,
1749 1911 1819 1965 et
1851 1890 2183 1964 Romana
2220 1893 2485 1966 Palatia
2524 1920 2749 1969 servas
2777 1948 2802 1987 ,

711 2008 929 2080 Hunc
966 2011 1214 2081 saltem
1253 2032 1492 2103 everso
1521 2011 1860 2108 juvenem
1906 2032 2293 2080 succurrere
2334 2011 2563 2083 saeclo

709 2124 826 2196 Ne
860 2124 1249 2220 prohibete.
1339 2126 1501 2197 satis
1529 2126 1682 2222 jam
1721 2123 2004 2219 pridem
2045 2126 2384 2224 sanguine
2423 2144 2669 2199 nostro

711 2238 1296 2311 Laomedonteae
1336 2241 1603 2311 luimus
1641 2240 1941 2337 perjuria
1978 2239 2259 2312 Troiae.

700 2356 870 2445 Jam
917 2354 1199 2449 pridem
1240 2353 1452 2427 nobis
1493 2356 1676 2426 coeli
1720 2372 1791 2426 te
1825 2356 2051 2453 regia,
2101 2354 2393 2448 Caesar,

707 2471 999 2543 Invidet
1023 2523 1040 2551 ,
1082 2487 1296 2565 atque
1330 2470 1719 2541 hominurn
1760 2470 2077 2565 queritur
2114 2496 2346 2543 curare
2382 2472 2810 2567 triumphos.

709 2584 1014 2690 Quippe
1048 2584 1177 2656 ubi
1214 2584 1318 2656 fas
1349 2610 1630 2656 versum
1672 2604 1888 2678 atque
1923 2584 2117 2658 nefas
2150 2614 2165 2654 ε
2224 2605 2335 2659 tot
2368 2587 2556 2658 bella
2585 2613 2712 2682 per
2748 2588 3042 2661 orbem:

705 2700 900 2772 Tam
944 2701 1216 2773 multae
1268 2702 1610 2773 scelerum
1653 2698 1862 2772 facies
1915 2728 1930 2769 ε
1990 2725 2144 2772 ηοη
2180 2703 2372 2774 ullus
2408 2720 2627 2773 aratro

707 2814 990 2915 Dignus
1027 2816 1265 2888 honos
1313 2845 1328 2885 :
1390 2817 1718 2909 squalent
1761 2815 2087 2889 abductis
2128 2838 2286 2887 arva
2333 2817 2657 2908 coloniS,

703 2931 800 3004 Et
832 2957 1079 3003 curvae
1119 2930 1431 3030 rigidum
1468 2930 1681 3004 falces
1720 2931 2121 3003 conflantur
2155 2932 2232 3001 in
2274 2956 2539 3004 ensem.

704 3047 899 3119 Hinc
933 3068 1183 3119 movet
1221 3047 1613 3142 Euphrates
1636 3102 1659 3138 ,
1705 3048 1910 3119 illinc
1946 3046 2328 3119 Germania
2366 3044 2680 3119 bellum:

705 3162 1007 3234 Vicinae
1046 3164 1272 3257 ruptis
1311 3164 1490 3234 inter
1532 3188 1604 3235 se
1642 3161 1917 3261 legibus
1959 3162 2169 3235 urbes

703 3276 925 3349 Arma
963 3276 1194 3347 ferunt
1244 3304 1259 3343 ε
1319 3277 1537 3347 saevit
1570 3296 1732 3350 toto
1779 3278 1966 3349 Mars
2010 3277 2252 3372 inpius
2293 3277 2485 3349 orbe.

704 3392 804 3463 Ut
827 3447 847 3481 ,
896 3415 1125 3483 quom
1177 3390 1564 3462 carceribus
1610 3416 1756 3462 sese
1799 3390 2104 3463 effudere
2147 3393 2567 3491 quadrigae,

703 3507 1006 3578 Addunt
1053 3506 1131 3574 in
1171 3506 1393 3599 spatia
1421 3560 1438 3583 ,
1483 3522 1552 3575 et
1589 3504 1832 3579 frustra
1869 3509 2248 3579 retinacula
2281 3508 2582 3581 tendens

704 3623 949 3697 Fertur
988 3619 1194 3716 equis
1232 3619 1505 3719 auriga,
1551 3645 1790 3717 neque
1827 3622 2027 3695 audit
2062 3647 2298 3700 currus
2329 3623 2657 3699 habenas.
