3750 6217
527 696 1335 812 AENE1D0811.v.193.

328 871 554 963 Venturam,
573 890 609 945 et
625 893 768 948 nostros
788 897 828 942 ea
848 867 917 942 fata
933 894 1076 941 manere
1094 888 1257 968 nepotes.

387 988 538 1061 Talibus
555 988 695 1063 insidiis
714 987 918 1086 perjurique
937 1004 1008 1059 arte
1025 984 1170 1061 Sinonis

330 1103 471 1176 Credita
490 1127 544 1175 res
560 1158 570 1194 ,
584 1106 764 1200 captique
785 1103 881 1174 dolis
900 1102 1124 1197 lacrimisque
1142 1102 1296 1192 coactis,

330 1219 438 1324 Quos
457 1243 576 1312 neque
596 1218 782 1315 Tydides,
802 1241 869 1289 nec
889 1215 1090 1289 Larissaeus
1108 1218 1283 1307 Achilles,

330 1335 418 1407 Non
437 1335 522 1409 anni
541 1334 716 1432 domuere
737 1334 892 1421 decem,
916 1355 995 1402 non
1012 1333 1113 1404 mille
1135 1335 1279 1405 carinae.

388 1445 458 1535 Hic
477 1449 577 1526 aliud
597 1452 713 1551 majus
728 1449 866 1520 miseris
883 1450 1076 1541 multoque
1095 1446 1324 1524 tremendum

330 1565 509 1665 Objicitur
526 1565 663 1663 magis,
688 1585 796 1659 atque
816 1562 1006 1657 inprovida
1024 1582 1169 1657 pectora
1187 1561 1312 1637 turbat

332 1679 530 1770 Laocoon,
556 1681 685 1753 ductus
705 1680 879 1774 Neptuno
897 1695 990 1748 sorte
1009 1678 1194 1772 sacerdos,

331 1793 526 1871 sollemnis
543 1813 683 1867 taurum
703 1797 887 1894 ingentem
906 1794 1084 1873 mactabat
1103 1795 1148 1866 ad
1168 1820 1251 1870 aras.

214 2012 216 2019 Ι
332 1910 424 1996 Ecce
441 1929 562 1982 autem
582 1912 716 2009 gemini
735 1936 755 1982 a
775 1909 927 1981 Tenedo
949 1911 1139 2003 tranquilla
1158 1936 1223 2005 per
1242 1912 1313 1982 alta

334 2026 534 2118 (Horresco
555 2026 727 2121 referens)
747 2024 920 2098 inmensis
942 2023 1089 2097 orbibus
1108 2036 1240 2125 angues

334 2142 556 2213 incumbunt
575 2144 725 2241 pelago,
745 2142 945 2237 pariterque
964 2140 1008 2212 ad
1026 2141 1127 2212 litora
1144 2142 1315 2214 tendunt:

334 2256 483 2330 Pectora
503 2281 661 2351 quorum
683 2258 773 2328 inter
792 2254 921 2328 fluctus
940 2255 1097 2347 adrectis,
1113 2255 1296 2354 jubaeque

333 2369 554 2471 Sanguineae
575 2391 741 2468 superant
758 2370 873 2443 undas
892 2399 900 2455 ς
929 2395 1011 2466 pars
1031 2390 1141 2443 cetera
1161 2391 1322 2465 pontum

333 2486 435 2569 Pone
452 2489 563 2585 legit,
586 2490 801 2582 sinuantque
825 2487 990 2559 inmensa
1008 2488 1196 2559 volumine
1216 2506 1320 2587 terga.

334 2602 390 2673 Fit
409 2603 574 2692 sonitus,
594 2622 785 2699 spumante
810 2603 884 2673 salo
904 2630 912 2670 r
937 2604 1088 2700 jamque
1109 2628 1187 2673 arva
1209 2604 1403 2688 tenebant3

334 2715 574 2811 Ardentisque
595 2720 722 2791 oculos
744 2715 881 2791 suffecti
899 2717 1072 2815 sanguine
1090 2736 1126 2789 et
1149 2717 1247 2816 igni,

334 2828 445 2902 Sibila
464 2832 673 2904 lambebant
692 2831 825 2932 linguis
843 2831 1064 2904 vibrantibus
1084 2857 1155 2906 ora.
1229 2896 1239 2913 ,

334 2945 553 3045 Diffugimus
570 2948 648 3018 visu
668 2972 871 3046 exsangues.
909 2946 964 3016 illi
981 2947 1124 3043 agmine
1147 2964 1242 3024 certo

334 3060 547 3133 Laocoonta
565 3079 695 3156 petunt
719 3091 727 3134 z
757 3080 792 3134 et
811 3062 973 3157 primum
991 3086 1097 3154 parva
1116 3061 1275 3134 duorum

334 3175 499 3270 Corpora
515 3194 684 3249 natorum
703 3201 846 3272 serpens
862 3177 1051 3271 amplexus
1066 3194 1216 3271 uterque

335 3289 513 3387 Inplicat,
539 3310 576 3363 et
594 3293 743 3369 miseros
763 3315 888 3363 morsu
909 3290 1111 3386 depascitur
1133 3311 1235 3365 artus.

334 3406 423 3486 Post
442 3408 590 3501 ipsum,
609 3408 745 3480 auxilio
768 3405 984 3482 subeuntem
1013 3431 1052 3478 ac
1073 3409 1143 3478 tela
1164 3406 1361 3501 ferentem,

335 3521 581 3617 Conripiunt,
607 3523 781 3617 spirisque
799 3522 913 3620 ligant
931 3520 1165 3619 ingentibus:
1195 3540 1230 3593 et
1245 3524 1325 3622 jam

336 3637 396 3710 Bis
418 3637 585 3717 medium
605 3638 789 3732 amplexi,
814 3637 873 3709 bis
892 3638 991 3709 collo
1012 3661 1183 3731 squamea
1204 3638 1337 3721 circum

336 3751 453 3850 Terga
472 3752 568 3841 dati,
594 3771 760 3847 superant
779 3752 895 3847 capite
912 3768 948 3823 et
968 3751 1162 3825 cervicibus
1181 3754 1270 3825 altis.

337 3867 408 3937 Ille
430 3867 538 3938 simul
557 3866 726 3940 manibus
748 3866 864 3939 tendit
889 3867 1057 3941 divellere
1079 3868 1222 3959 nodos,

337 3979 505 4053 Perfusus
528 3981 624 4052 sanie
643 3981 746 4055 vittas
767 4001 919 4077 atroque
941 4006 1109 4057 veneno:

337 4096 527 4168 Clamores
550 4096 659 4167 simul
675 4097 873 4171 honendos
893 4096 940 4171 ad
963 4097 1075 4181 sidera
1100 4100 1224 4181 tollite

338 4211 470 4317 Qualis
486 4211 665 4310 mugitus,
688 4210 780 4311 fugit
801 4238 918 4308 quom
938 4215 1078 4288 saucius
1098 4239 1195 4286 aram

338 4325 502 4418 Taurus,
520 4346 556 4399 et
576 4329 746 4401 incertam
771 4329 925 4401 excussit
939 4332 1070 4402 cervice
1088 4331 1251 4403 securim

340 4441 389 4514 At
413 4444 549 4541 gemini
569 4443 672 4516 labsu
693 4442 842 4515 delubra
860 4444 906 4516 ad
927 4469 1070 4517 summa
1094 4445 1267 4529 dracones

339 4556 546 4660 Effugiant,
566 4583 759 4655 saevaeque
776 4577 906 4656 petunt
922 4560 1125 4637 Tritonidis
1141 4584 1276 4633 areemr
