3750 6217
717 708 860 779 113
1133 700 2675 797 AENE1D051.=-.153.·

707 871 838 941 lue
877 872 1052 969 regit
1079 858 1294 941 flictis
1333 870 1618 941 animos
1641 924 1662 941 .
1709 886 1776 940 et
1813 890 2099 962 pectora
2140 870 2431 940 mulcet.

703 984 816 1057 Sic
855 1006 1148 1056 cunctus
1183 986 1416 1082 pelagi
1461 984 1715 1056 cecidit
1763 983 2031 1082 fragor‚
2076 1008 2387 1079 aequora
2422 998 2823 1076 postquam

705 1100 1152 1195 Prospiciens
1189 1102 1506 1199 genitor,
1553 1101 1913 1194 coeloque
1950 1102 2269 1171 invectus
2304 1116 2551 1193 aperto

701 1216 956 1287 Flectit
993 1238 1222 1308 equos
1245 1271 1266 1305 ‚
1323 1241 1670 1309 curruque
1705 1217 1961 1286 volans
2000 1216 2121 1285 dat
2156 1219 2305 1286 lora
2340 1212 2679 1287 secundo.

817 1328 1092 1402 Defessi
1129 1332 1538 1417 Aeneadae,
1587 1356 1770 1424 quae
1817 1354 2219 1424 proxuma,
2272 1331 2477 1401 litora
2514 1352 2727 1399 cursu

703 1445 1178 1517 contendunt
1215 1468 1488 1542 petere²
1532 1470 1604 1517 et
1639 1446 1909 1539 Libyae
1946 1464 2313 1517 vertuntur
2350 1442 2441 1515 ad
2482 1466 2657 1515 ons.

703 1562 834 1635 Est
871 1562 946 1631 in
989 1584 1260 1633 secessu
1303 1564 1524 1660 longo
1567 1564 1792 1633 locus.
1865 1562 2093 1633 insula
2134 1582 2431 1656 portum

703 1676 936 1749 Efficit
985 1676 1270 1776 objectu
1309 1679 1602 1747 laterum
1625 1731 1646 1765 ‚
1693 1677 1957 1769 quibus
1994 1678 2235 1749 omnis
2268 1677 2361 1747 ab
2396 1677 2543 1746 alto

703 1792 1070 1891 Frangitur
1095 1847 1116 1881 ‚
1157 1794 1374 1885 inque
1417 1792 1612 1863 sinus
1653 1793 1911 1865 scindit
1952 1818 2101 1865 sese
2140 1793 2335 1863 unda
2374 1792 2717 1861 reductos.

705 1906 898 1978 Hinc
937 1928 1148 2001 atque
1187 1909 1354 1979 hinc
1389 1928 1620 1979 vastae
1659 1933 1870 2002 rupes
1894 1964 1915 1995 .,
1962 1908 2379 2004 geminique
2414 1906 2781 1975 minantur

705 2024 800 2094 In
835 2024 1126 2095 coelum
1165 2026 1442 2118 scopuli
1491 2052 1508 2091 ε
1567 2048 1881 2116 quorum
1920 2023 2053 2094 sub
2092 2025 2345 2094 vertice
2386 2024 2523 2092 late

705 2136 1040 2232 Aequora
1073 2158 1224 2209 tuta
1265 2140 1472 2209 silent
1515 2167 1530 2205 :
1589 2156 1747 2209 turn
1787 2140 1982 2210 silvis
2022 2163 2225 2210 scena
2262 2137 2573 2210 coruscis

707 2254 1070 2348 Desuper,
1115 2254 1566 2347 horrentique
1607 2272 1832 2324 atrurn
1871 2279 2129 2325 nemus
2167 2254 2475 2324 inminet
2506 2252 2781 2322 umbra.

705 2370 970 2441 fronte
1011 2368 1144 2441 sub
1185 2366 1466 2440 adversa
1507 2370 1819 2463 scopulis
1859 2370 2343 2465 pendentibus
2382 2384 2701 2439 antrum:

711 2484 918 2556 Intus
957 2510 1180 2577 aquae
1221 2484 1500 2574 dulces,
1546 2486 1858 2578 vivoque
1896 2487 2143 2557 sedilia
2184 2509 2397 2564 saxo;

709 2598 1208 2695 Nympharum
1245 2598 1530 2672 domus.
1609 2597 1724 2671 hic
1763 2599 1975 2673 fessas
2010 2626 2165 2672 non
2198 2602 2483 2671 vincula
2516 2599 2717 2670 navis

709 2712 872 2784 Ulla
911 2734 1154 2787 tenent
1185 2744 1200 2783 :
1261 2740 1450 2787 unco
1493 2740 1644 2787 non
1685 2716 1947 2814 adligat
1983 2717 2284 2787 anchora
2320 2738 2587 2786 morsu.
2864 2736 2903 2773 θ

705 2828 874 2901 Huc
911 2848 1182 2924 septem
1225 2829 1498 2906 Aeneas
1539 2834 1879 2903 conlectis
1914 2832 2217 2903 navibus
2258 2831 2465 2901 omni

705 2944 818 3015 Ex
852 2970 1152 3017 numero
1195 2945 1386 3018 subit
1433 2976 1450 3015 :
1510 2973 1588 3019 ac
1630 2971 1898 3045 magno
1948 2948 2219 3019 telluris
2256 2970 2499 3017 amore

705 3058 976 3159 Egressi
1015 3082 1258 3157 optata
1293 3064 1670 3157 potiuntur
1707 3064 1935 3135 Troes
1966 3088 2211 3153 arena,

707 3175 800 3246 Et
839 3177 980 3247 sale
1015 3178 1316 3249 tabentis
1355 3199 1542 3251 artus
1574 3181 1648 3249 in
1683 3181 1889 3250 litore
1925 3198 2232 3274 ponunt.

707 3286 813 3360 Ac
847 3290 1168 3383 primum
1205 3294 1380 3363 silici
1425 3296 1803 3365 scintillam
1856 3295 2143 3366 excudit
2186 3294 2483 3366 Achates
2508 3345 2532 3383 ,

707 3402 1172 3498 Suscepitque
1207 3406 1448 3504 ignem
1483 3406 1676 3480 foliis
1707 3464 1728 3497 .,
1773 3428 1989 3503 atque
2016 3410 2207 3481 arida
2242 3412 2509 3481 circum

709 3519 1163 3591 Nutrimenta
1203 3520 1400 3593 dedit
1427 3578 1448 3612 ,
1493 3526 1868 3619 rapuitque
1906 3528 1981 3595 in
2018 3525 2273 3597 fomite
2320 3524 2711 3595 flammam.

707 3633 908 3705 Tum
949 3632 1270 3707 Cererem
1313 3658 1738 3732 conruptam
1777 3640 2025 3729 undis,
2078 3641 2533 3734 Cerealiaque
2572 3664 2763 3709 arma

707 3750 1124 3847 Expediunt
1161 3750 1320 3824 fessi
1359 3777 1586 3822 rerum
1622 3784 1637 3831 ;
1677 3753 2051 3853 frugesque
2084 3774 2395 3852 receptas

711 3866 799 3936 Et
839 3888 1091 3936 turre-rr:
1187 3888 1375 3940 arant
1419 3866 1732 3940 flammis
1777 3936 1780 3940 ,
1832 3892 1896 3940 et
1932 3872 2072 3940 stan
2128 3900 2236 3944 ere
2276 3896 2464 3944 saxo.
