3750 6217
391 690 1228 812 arnnrnosrn.ern
1333 704 1409 830 {a

203 901 407 998 Harpyiae,
428 919 464 971 et
481 902 620 1000 magnis
640 902 810 994 quatiunt
827 901 1053 999 clangoribus
1072 900 1167 986 alaS,

203 1019 464 1112 Diripiuntque
481 1017 614 1112 dapes,
644 1035 883 1110 contactuque
905 1017 1029 1087 omnia
1049 1011 1199 1086 foedant
1222 1004 1225 1010 ’

204 1134 393 1206 inmundo
416 1155 424 1199 t
454 1152 534 1203 tum
551 1157 626 1203 vox
644 1151 775 1204 tetrum
795 1131 871 1203 dira
891 1133 981 1203 inter
1001 1124 1161 1203 odorem.
1248 1146 1252 1179 ¹

203 1249 361 1322 Rursum
381 1248 419 1316 in
439 1272 575 1319 secessu
595 1250 707 1346 longo
729 1247 797 1319 sub
816 1272 905 1341 rupe
925 1265 1066 1334 cavata,

205 1363 402 1437 Arboribus
420 1363 529 1434 clausi
548 1356 681 1434 circum
702 1372 810 1456 atque
826 1359 1051 1435 horrentibus
1066 1359 1225 1451 umbriS‚

206 1480 421 1552 instruimus
440 1499 607 1568 mensas,
629 1479 767 1572 arisque
786 1478 997 1572 reponimus
1017 1478 1146 1576 ignem.

205 1594 362 1667 Rursum
383 1615 427 1663 ex
444 1592 583 1665 diverso
604 1593 698 1665 coeli
716 1594 900 1685 caecisque
921 1590 1063 1665 latebris

206 1707 331 1781 Turba
350 1733 482 1781 sonans
500 1710 668 1803 praedam
689 1708 846 1802 pedibus
865 1703 1097 1778 circumvolat
1115 1707 1242 1779 uncis:

208 1824 346 1896 Polluit
366 1850 425 1895 ore
444 1825 564 1918 dapes.
601 1824 707 1897 sociis
724 1842 830 1911 tunc,
851 1848 948 1893 arrna
968 1842 1176 1918 capessant,

208 1941 346 2030 Edico,
369 1961 404 2012 et
423 1938 498 2011 dira
516 1941 655 2010 bellum
676 1961 760 2011 cum
781 1953 884 2037 gente
895 1934 1111 2036 ‘gerendum

208 2051 317 2127 Haud
338 2075 436 2128 secus
454 2071 494 2125 ac
508 2056 598 2155 jussi
618 2053 779 2144 faciunt,
805 2072 992 2147 tectosque
1010 2079 1073 2148 per
1089 2045 1236 2126 herbam
1295 2127 1305 2135 ,

207 2167 421 2266 Disponunt
439 2171 553 2261 ensis,
574 2189 609 2242 et
627 2189 724 2243 scuta
744 2170 889 2242 latentia
906 2169 1080 2239 condunt.

207 2288 301 2386 Ergo
323 2278 386 2358 ubi
405 2286 568 2359 delabsae
589 2288 751 2359 sonitum
768 2309 832 2379 per
851 2310 954 2356 curva
972 2277 1101 2355 dedere

208 2401 331 2476 Litora
348 2433 357 2483 ;
382 2402 444 2474 dat
465 2403 609 2500 signum
630 2402 773 2497 specula
790 2398 952 2471 Misenus
971 2401 1016 2471 ab
1036 2402 1105 2469 alta

209 2517 298 2589 Aere
308 2498 416 2590 'cavo
457 2508 632 2591 invadunt
651 2507 762 2605 socii,
786 2534 824 2586 et
841 2539 936 2585 nova
956 2516 1093 2610 proelia
1113 2529 1272 2607 tentant,

211 2624 394 2706 Obscenas
414 2635 532 2732 pelagi
552 2622 643 2705 ferro
663 2629 806 2704 foedare
825 2632 996 2703 volucres.

212 2742 282 2817 Sed
301 2773 419 2841 neque
439 2748 516 2819 vim
535 2740 672 2842 plumis
691 2748 834 2843 ullam,
853 2771 920 2817 nee
938 2748 1083 2817 volnera
1103 2763 1202 2845 tergo

211 2853 432 2958 Adcipiunt;
455 2864 631 2959 celerique
650 2853 733 2963 fuga
753 2863 820 2936 sub
841 2862 953 2935 sidera
971 2861 1088 2934 labsae

211 2975 398 3050 Semesam
418 2978 588 3072 praedam
608 2997 644 3050 et
661 2967 807 3077 vestigia
825 2966 930 3050 foeda
950 2978 1168 3070 relinquunt.

212 3088 294 3163 Una
313 3093 351 3162 in
371 3093 548 3187 praecelsa
567 3084 730 3166 consedit
747 3119 837 3188 rupe
857 3090 1013 3165 Celaeno
1026 3146 1047 3182 ‚.

212 3202 348 3278 Infelix
364 3227 483 3295 vates,
505 3198 714 3305 rumpitque
733 3200 825 3280 banc
844 3226 988 3304 pectore
1008 3228 1157 3279 vocem:

270 3320 413 3394 Bellum
432 3323 540 3395 etiam
560 3349 627 3419 pro
646 3324 753 3396 caede
770 3314 888 3395 bourn
907 3322 1092 3417 stratisque
1105 3322 1288 3431 juvencisq

212 3436 561 3528 Laomedontiadae,
585 3440 773 3512 bellumne
793 3429 917 3510 inferre
936 3441 1087 3534 paratis,

127 3641 129 3652 Ι
212 3552 259 3625 Et
275 3555 391 3649 patrio
412 3553 586 3651 Harpyias
604 3556 758 3629 insontis
777 3556 910 3650 pellere
928 3559 1071 3654 regno?

211 3665 379 3766 Adcipite
400 3697 482 3769 ergo
500 3662 632 3744 animis
648 3725 660 3762 ,
675 3682 784 3766 atque
801 3672 888 3742 haec
906 3697 988 3741 mea
1008 3670 1103 3769 figite
1123 3672 1234 3744 dicta:

213 3782 319 3888 Quae
339 3785 489 3857 Phoebo
510 3804 609 3879 pater
630 3788 887 3881 omnipotens,
910 3787 1002 3856 mihi
1022 3785 1190 3859 Phoebus
1208 3786 1349 3882 Apollo

214 3888 420 3990 Praedixit,
441 3893 546 3972 vobis
563 3895 747 3973 Furiarum
767 3928 834 4000 ego
854 3926 1025 3974 maxuma
1042 3902 1176 3997 pando.

215 4010 360 4087 Italiam
378 4039 483 4087 cursu
500 4016 643 4109 petitis,
668 4019 856 4111 ventisque
875 4018 1009 4089 v'ocatis

216 4113 321 4203 ibitis
339 4120 504 4219 ltaliam,
529 4150 726 4226 portusque
747 4134 871 4205 intrare
891 4132 1034 4206 licebit:

215 4243 286 4317 Sed
304 4270 382 4317 non
398 4264 480 4317 ante
500 4247 621 4319 datam
641 4245 788 4347 cingetis
807 4248 1000 4322 moenibus
1020 4248 1170 4342 urbem,

216 4356 342 4466 Quam
359 4386 425 4435 ros
442 4361 516 4433 dira
535 4360 648 4434 fames
667 4384 879 4458 nostraeque
899 4366 1027 4464 injuria
1047 4364 1165 4441 caedis
1222 4351 1226 4366 ’

216 4472 392 4550 ambesas
412 4477 552 4578 subigat
571 4479 676 4552 malis
695 4478 882 4552 absumere
902 4503 1054 4554 mensas.

225 4689 229 4698 Ι
274 4588 402 4666 Dixit:
432 4612 468 4666 et
487 4595 526 4665 in
546 4595 673 4669 silvam
691 4597 821 4691 pennis
839 4595 956 4669 ablata
974 4592 1112 4698 refugit

1151 4709 1187 4781 Y
