3750 6217
354 765 440 828 ἱτηο
533 723 980 811 AENEIDOS
1035 712 1144 805 Vll.
1204 759 1236 804 v.
1291 758 1380 827 eoa.

358 910 458 981 Tum
475 930 646 1002 quassans
664 920 789 998 caput,
807 894 894 970 haec
911 898 1063 970 effundit
1078 916 1222 994 pectore
1239 883 1358 968 dicta:

358 1025 441 1097 Heu
461 1024 607 1117 stirpem
625 1021 800 1105 invisam,
823 1034 858 1088 et
874 1013 955 1086 fatis
975 1009 1146 1088 contraria
1165 1013 1296 1084 nostris

359 1130 448 1212 Fata
466 1125 646 1234 Phrygum
668 1137 675 1203 !
705 1151 796 1204 num
816 1130 927 1228 Sigeis
946 1131 1157 1202 occumbere
1177 1130 1338 1222 campis,

360 1255 464 1326 Num
483 1252 578 1345 capti
598 1255 747 1348 potuere
765 1247 845 1341 capi
865 1248 881 1314 i
910 1253 999 1316 n'um
1021 1248 1164 1318 incensa
1182 1245 1349 1316 cremavit

364 1369 476 1440 Troia
494 1362 622 1437 viros?
652 1361 791 1436 medias
808 1363 920 1450 acies,
949 1361 1166 1456 mediosque
1187 1383 1250 1454 per
1270 1359 1362 1459 ignis

362 1486 536 1556 Invenere
554 1481 677 1559 viahn
701 1496 757 1568 at,
773 1476 904 1566 credo,
925 1502 1007 1547 mea
1024 1479 1176 1579 numina
1194 1476 1341 1547 tandem

362 1591 468 1672 Fessa
480 1597 622 1694 jacent,
647 1594 741 1667 odiis
760 1610 822 1664 aut
840 1611 1033 1663 exsaturata
1051 1595 1182 1687 quievi.

365 1711 593 1820 Quinetiam
614 1711 726 1804 pa'tria
744 1732 910 1780 excussos
930 1707 1057 1780 infesta
1074 1732 1138 1803 per
1157 1701 1272 1780 undas

363 1827 460 1903 Ausa
480 1826 599 1920 sequi,
621 1845 655 1895 et
673 1823 835 1922 profugis
855 1831 934 1894 toto
953 1835 1013 1893 me
1035 1834 1221 1919 opponere
1241 1837 1373 1918 ponto'

365 1942 565 2016 Absumtae
584 1937 621 2011 in
639 1938 798 2010 Teucros
818 1932 906 2009 vires
924 1928 1089 2033 coelique
1109 1938 1297 2033 marisque.

368 2045 473 2165 Quid
492 2055 629 2151 Syrtes,
655 2073 716 2126 aut
732 2054 847 2149 Scylla
862 2047 976 2141 inihi,
1000 2054 1091 2156 quid
1110 2075 1207 2127 vasta
1227 2049 1425 2149 Charybdis

367 2163 507 2245 Profuit
530 2174 546 2242 Ρ
577 2177 702 2266 o'pta'to¹
726 2169 932 2241 conduhtur
952 2167 1144 2266 Thybridis
1164 2174 1289 2259 alve0,

369 2271 489 2360 Securi
510 2287 628 2384 Pelagi
646 2308 755 2378 atque
777 2274 860 2355 mei.
886 2275 994 2386 Mars
1012 2273 1157 2381 perdere
1175 2302 1318 2383 gentem

369 2402 562 2478 Inmanem
584 2397 779 2495 Lapithirm
798 2401 937 2472 valuit:
968 2402 1141 2475 'concessit
1161 2401 1199 2471 in
1216 2401 1281 2471 iras

370 2521 455 2615 I'pse
476 2516 587 2587 desim
607 2511 793 2609 antiquam
814 2518 952 2614 genitor
972 2516 1160 2611 Calydona
1179 2517 1337 2587 Dianae:

370 2629 488 2739 Quod
509 2633 624 2703 scelus
643 2641 704 2702 aut
717 2631 883 2726 Lapithas
897 2634 1062 2722 tantum,
1080 2652 1141 2705 aut
1155 2631 1343 2727 Calydona
1354 2633 1585 2702 merentem?

371 2748 438 2820 Ast
457 2771 524 2846 ego
543 2755 672 2845 magna
686 2735 785 2835 lovis
805 2749 988 2845 conjunx,
1011 2749 1064 2818 hil
1083 2749 1247 2843 linquere
1267 2747 1434 2819 inausum

372 2863 477 2974 Quae
497 2862 604 2972 potui
623 2860 768 2951 infelix,
792 2857 883 2956 quae
900 2869 1036 2935 memet
1055 2864 1093 2934 ih
1113 2863 1237 2974 omnia
1256 2865 1361 2952 verti,

370 2979 511 3050 'Vincor
530 2977 576 3049 ab
593 2977 722 3048 Aenea.
764 2977 867 3071 quod
887 2980 914 3050 si
934 3005 1014 3049 mea
1032 2979 1182 3050 numina
1201 3001 1279 3049 non
1297 2997 1380 3051 sunt

370 3086 504 3192 Magna
511 3082 769 3172 satis;dubit'em
777 3095 872 3165 haud
882 3093 1052 3187 equidem
1061 3097 1235 3189 inplorare
1242 3097 1344 3188 quod
1354 3116 1509 3188 usquam
1517 3113 1585 3167 est.

371 3201 526 3280 Flectere
543 3208 573 3279 si
591 3231 736 3301 nequeo
756 3229 925 3302 superos,
949 3209 1149 3280 Acheronta
1170 3210 1340 3282 movebo

373 3312 461 3393 Non
478 3322 619 3392 dabitur
635 3324 772 3420 regnis5
795 3342 892 3413 esto,
913 3310 1101 3419 prohibere
1118 3313 1278 3417 Latinis,

374 3437 495 3530 Atque
516 3437 655 3507 inmota
675 3453 796 3510 rr'r'anet
814 3439 894 3511 fatis
915 3439 1062 3511 Lavinia
1083 3444 1252 3539 conjunx.

373 3552 423 3624 At
441 3554 589 3640 trahere,
616 3569 724 3645 atque
743 3569 861 3625 tnoras
881 3556 987 3626 tantis
1006 3557 1087 3627 litet
1106 3556 1233 3627 addere
1251 3556 1377 3629 rebus:

374 3659 423 3740 At
443 3668 525 3739 licet
542 3664 735 3739 amborum
756 3672 919 3763 populos
939 3672 1140 3742 exscindere
1158 3697 1291 3770 regum.

375 3775 453 3854 Hac
473 3809 577 3882 gener
596 3802 704 3877 atque
726 3810 822 3855 socer
843 3798 970 3857 coeant
990 3787 1151 3857 mercede
1171 3813 1329 3859 suorum.

376 3899 556 3996 Sanguine
576 3897 737 3969 Troiano
758 3918 793 3970 et
810 3901 949 3972 Rutulo
972 3901 1163 3990 dotabere,
1188 3905 1311 4001 virgo:

376 4015 422 4085 Et
442 4015 591 4084 Bellona
610 4029 732 4086 manet
749 4033 783 4085 te
802 4013 978 4110 pronuba.
1019 4041 1085 4089 nec
1103 4017 1336 4090 lacerantum

376 4128 506 4200 Cisseis
524 4145 692 4224 praegnas
712 4130 801 4226 ignis
820 4132 923 4201 enixa
939 4136 1098 4231 jugales:

378 4243 482 4347 Quin
500 4244 598 4313 idem
617 4235 748 4314 Veneri
766 4265 885 4339 partus
904 4272 1011 4336 suus,
1037 4268 1072 4318 et
1090 4249 1185 4320 Paris
1205 4252 1311 4337 aliar,

377 4357 407 4429 F
409 4376 623 4451 unestaeque
643 4361 771 4430 iterum
790 4362 939 4433 recidiva
961 4364 999 4433 in
1018 4355 1184 4463 Pergama
1205 4366 1335 4435 taedae.

435 4473 531 4544 Haec
551 4474 615 4543 ubi
635 4476 726 4546 dicta
747 4477 865 4567 dedit,
888 4497 992 4551 terras
1011 4470 1185 4550 horrenda
1204 4481 1351 4573 petivit·

378 4587 588 4662 Luctihcam
605 4587 745 4663 Allecto
763 4588 919 4664 dirarum
937 4596 982 4664 ab
1002 4595 1084 4665 sede
1103 4596 1249 4672 dearum
