<?xml version="1.0" encoding="UTF-8"?>
<!DOCTYPE html PUBLIC "-//W3C//DTD XHTML 1.0 Transitional//EN"
    "http://www.w3.org/TR/xhtml1/DTD/xhtml1-transitional.dtd">
<html xmlns="http://www.w3.org/1999/xhtml" xml:lang="en" lang="en">
 <head>
  <title>
</title>
<meta http-equiv="Content-Type" content="text/html;charset=utf-8" />
  <meta name='ocr-system' content='tesseract 3.04.00' />
  <meta name='ocr-capabilities' content='ocr_page ocr_carea ocr_par ocr_line ocrx_word'/>
</head>
<body>
  <div class='ocr_page' id='page_1' title='image "./publiivirgiliim00brungoog_0136.png"; bbox 0 0 3750 6217; ppageno 0'>
   <div class='ocr_carea' id='block_1_1' title="bbox 548 659 1530 792">
    <p class='ocr_par' dir='ltr' id='par_1_1' title="bbox 548 659 1530 792">
     <span class='ocr_line' id='line_1_1' title="bbox 548 659 1530 792; baseline -0.007 -15"><span class='ocrx_word' id='word_1_1' title='bbox 548 659 1312 791; x_wconf 55' lang='lat' dir='ltr'>isna1n0s1.tiss²</span> <span class='ocrx_word' id='word_1_2' title='bbox 1454 707 1530 792; x_wconf 60' lang='lat' dir='ltr'>iq</span> 
     </span>
    </p>
   </div>
   <div class='ocr_carea' id='block_1_2' title="bbox 238 866 1525 4661">
    <p class='ocr_par' dir='ltr' id='par_1_2' title="bbox 238 866 1495 3376">
     <span class='ocr_line' id='line_1_2' title="bbox 329 866 1260 966; baseline -0.01 -24"><span class='ocrx_word' id='word_1_3' title='bbox 329 866 362 941; x_wconf 79' lang='grc' dir='ltr'>Α</span> <span class='ocrx_word' id='word_1_4' title='bbox 378 887 500 966; x_wconf 92' lang='lat' dir='ltr'>tergo,</span> <span class='ocrx_word' id='word_1_5' title='bbox 521 883 557 937; x_wconf 93' lang='lat' dir='ltr'>et</span> <span class='ocrx_word' id='word_1_6' title='bbox 575 867 728 966; x_wconf 85' lang='lat' dir='ltr'>longum</span> <span class='ocrx_word' id='word_1_7' title='bbox 748 893 812 962; x_wconf 86' lang='lat' dir='ltr'>per</span> <span class='ocrx_word' id='word_1_8' title='bbox 828 867 932 939; x_wconf 83' lang='lat' dir='ltr'>vallis</span> <span class='ocrx_word' id='word_1_9' title='bbox 949 867 1105 961; x_wconf 89' lang='lat' dir='ltr'>pascitur</span> <span class='ocrx_word' id='word_1_10' title='bbox 1121 888 1260 963; x_wconf 82' lang='lat' dir='ltr'><strong>agmen.</strong></span> 
     </span>
     <span class='ocr_line' id='line_1_3' title="bbox 330 977 1306 1078; baseline -0.006 -24"><span class='ocrx_word' id='word_1_11' title='bbox 330 983 503 1055; x_wconf 90' lang='lat' dir='ltr'>Constitit</span> <span class='ocrx_word' id='word_1_12' title='bbox 522 977 599 1072; x_wconf 91' lang='lat' dir='ltr'>hic,</span> <span class='ocrx_word' id='word_1_13' title='bbox 619 1000 813 1077; x_wconf 86' lang='lat' dir='ltr'>arcumque</span> <span class='ocrx_word' id='word_1_14' title='bbox 826 1007 937 1053; x_wconf 90' lang='lat' dir='ltr'>manu</span> <span class='ocrx_word' id='word_1_15' title='bbox 957 982 1148 1073; x_wconf 85' lang='lat' dir='ltr'>celerisque</span> <span class='ocrx_word' id='word_1_16' title='bbox 1165 979 1306 1078; x_wconf 77' lang='lat' dir='ltr'>sagittas</span> 
     </span>
     <span class='ocr_line' id='line_1_4' title="bbox 330 1094 1197 1196; baseline -0.002 -26"><span class='ocrx_word' id='word_1_17' title='bbox 330 1099 541 1194; x_wconf 87' lang='lat' dir='ltr'>Conripuit;</span> <span class='ocrx_word' id='word_1_18' title='bbox 563 1097 656 1169; x_wconf 87' lang='lat' dir='ltr'>fidus</span> <span class='ocrx_word' id='word_1_19' title='bbox 676 1123 768 1192; x_wconf 89' lang='lat' dir='ltr'>quae</span> <span class='ocrx_word' id='word_1_20' title='bbox 785 1100 856 1169; x_wconf 88' lang='lat' dir='ltr'>tela</span> <span class='ocrx_word' id='word_1_21' title='bbox 875 1096 1016 1196; x_wconf 85' lang='lat' dir='ltr'>gerebat</span> <span class='ocrx_word' id='word_1_22' title='bbox 1033 1094 1197 1176; x_wconf 63' lang='lat' dir='ltr'>Achatem</span> 
     </span>
     <span class='ocr_line' id='line_1_5' title="bbox 330 1210 1297 1310; baseline -0.002 -25"><span class='ocrx_word' id='word_1_23' title='bbox 330 1213 579 1308; x_wconf 90' lang='lat' dir='ltr'>Ductoresque</span> <span class='ocrx_word' id='word_1_24' title='bbox 599 1213 700 1307; x_wconf 90' lang='lat' dir='ltr'>ipsos</span> <span class='ocrx_word' id='word_1_25' title='bbox 716 1215 901 1310; x_wconf 89' lang='lat' dir='ltr'>primum,</span> <span class='ocrx_word' id='word_1_26' title='bbox 925 1212 1042 1307; x_wconf 81' lang='lat' dir='ltr'>capita</span> <span class='ocrx_word' id='word_1_27' title='bbox 1062 1213 1133 1284; x_wconf 83' lang='lat' dir='ltr'>alta</span> <span class='ocrx_word' id='word_1_28' title='bbox 1154 1210 1297 1283; x_wconf 88' lang='lat' dir='ltr'>ferentis</span> 
     </span>
     <span class='ocr_line' id='line_1_6' title="bbox 331 1328 1401 1426; baseline -0.005 -25"><span class='ocrx_word' id='word_1_29' title='bbox 331 1329 513 1402; x_wconf 83' lang='lat' dir='ltr'>Cornibus</span> <span class='ocrx_word' id='word_1_30' title='bbox 534 1329 709 1418; x_wconf 81' lang='lat' dir='ltr'>arboreis,</span> <span class='ocrx_word' id='word_1_31' title='bbox 732 1329 881 1408; x_wconf 86' lang='lat' dir='ltr'>stemit;</span> <span class='ocrx_word' id='word_1_32' title='bbox 911 1345 991 1399; x_wconf 90' lang='lat' dir='ltr'>tum</span> <span class='ocrx_word' id='word_1_33' title='bbox 1008 1328 1136 1426; x_wconf 83' lang='lat' dir='ltr'>volgus</span> <span class='ocrx_word' id='word_1_34' title='bbox 1157 1355 1168 1401; x_wconf 71' lang='lat' dir='ltr'>r</span> <span class='ocrx_word' id='word_1_35' title='bbox 1195 1345 1230 1400; x_wconf 89' lang='lat' dir='ltr'>et</span> <span class='ocrx_word' id='word_1_36' title='bbox 1250 1332 1401 1409; x_wconf 83' lang='lat' dir='ltr'>omnem</span> 
     </span>
     <span class='ocr_line' id='line_1_7' title="bbox 331 1441 1296 1542; baseline -0.002 -26"><span class='ocrx_word' id='word_1_37' title='bbox 331 1444 458 1517; x_wconf 88' lang='lat' dir='ltr'>Miscet</span> <span class='ocrx_word' id='word_1_38' title='bbox 477 1469 584 1542; x_wconf 90' lang='lat' dir='ltr'>agens</span> <span class='ocrx_word' id='word_1_39' title='bbox 607 1445 688 1517; x_wconf 88' lang='lat' dir='ltr'>telis</span> <span class='ocrx_word' id='word_1_40' title='bbox 705 1444 960 1516; x_wconf 88' lang='lat' dir='ltr'>nemora&#39;inter</span> <span class='ocrx_word' id='word_1_41' title='bbox 976 1441 1126 1515; x_wconf 85' lang='lat' dir='ltr'>frondea</span> <span class='ocrx_word' id='word_1_42' title='bbox 1143 1443 1296 1517; x_wconf 75' lang='lat' dir='ltr'>stubam.</span> 
     </span>
     <span class='ocr_line' id='line_1_8' title="bbox 331 1558 1310 1656; baseline -0.002 -26"><span class='ocrx_word' id='word_1_43' title='bbox 331 1559 410 1631; x_wconf 89' lang='lat' dir='ltr'>Nec</span> <span class='ocrx_word' id='word_1_44' title='bbox 428 1559 526 1654; x_wconf 87' lang='lat' dir='ltr'>prius</span> <span class='ocrx_word' id='word_1_45' title='bbox 546 1560 706 1649; x_wconf 87' lang='lat' dir='ltr'>absistit,</span> <span class='ocrx_word' id='word_1_46' title='bbox 730 1569 841 1652; x_wconf 84' lang='lat' dir='ltr'>qr&#39;ram</span> <span class='ocrx_word' id='word_1_47' title='bbox 861 1577 1004 1654; x_wconf 90' lang='lat' dir='ltr'>septem</span> <span class='ocrx_word' id='word_1_48' title='bbox 1024 1558 1182 1656; x_wconf 88' lang='lat' dir='ltr'>ingentia</span> <span class='ocrx_word' id='word_1_49' title='bbox 1197 1559 1310 1629; x_wconf 81' lang='lat' dir='ltr'>victor</span> 
     </span>
     <span class='ocr_line' id='line_1_9' title="bbox 238 1673 1495 1769; baseline 0.004 -25"><span class='ocrx_word' id='word_1_50' title='bbox 238 1715 247 1736; x_wconf 55' lang='grc' dir='ltr'><em>ι</em></span> <span class='ocrx_word' id='word_1_51' title='bbox 288 1728 291 1737; x_wconf 63' lang='grc'>,</span> <span class='ocrx_word' id='word_1_52' title='bbox 333 1674 495 1769; x_wconf 86' lang='lat' dir='ltr'>Corpora</span> <span class='ocrx_word' id='word_1_53' title='bbox 514 1674 642 1747; x_wconf 84' lang='lat' dir='ltr'>fundat</span> <span class='ocrx_word' id='word_1_54' title='bbox 660 1675 800 1764; x_wconf 88' lang='lat' dir='ltr'>humo,</span> <span class='ocrx_word' id='word_1_55' title='bbox 823 1693 859 1745; x_wconf 88' lang='lat' dir='ltr'>et</span> <span class='ocrx_word' id='word_1_56' title='bbox 876 1698 1067 1745; x_wconf 88' lang='lat' dir='ltr'>numenrm</span> <span class='ocrx_word' id='word_1_57' title='bbox 1086 1698 1170 1747; x_wconf 89' lang='lat' dir='ltr'>cum</span> <span class='ocrx_word' id='word_1_58' title='bbox 1190 1673 1340 1755; x_wconf 88' lang='lat' dir='ltr'>navibus</span> <span class='ocrx_word' id='word_1_59' title='bbox 1359 1691 1495 1768; x_wconf 80' lang='lat' dir='ltr'>aequet</span> 
     </span>
     <span class='ocr_line' id='line_1_10' title="bbox 333 1789 1286 1886; baseline 0.003 -27"><span class='ocrx_word' id='word_1_60' title='bbox 333 1789 428 1859; x_wconf 90' lang='lat' dir='ltr'>Hinc</span> <span class='ocrx_word' id='word_1_61' title='bbox 448 1808 595 1884; x_wconf 89' lang='lat' dir='ltr'>portum</span> <span class='ocrx_word' id='word_1_62' title='bbox 614 1791 721 1885; x_wconf 87' lang='lat' dir='ltr'>petit,</span> <span class='ocrx_word' id='word_1_63' title='bbox 742 1809 777 1861; x_wconf 90' lang='lat' dir='ltr'>et</span> <span class='ocrx_word' id='word_1_64' title='bbox 796 1791 914 1862; x_wconf 89' lang='lat' dir='ltr'>socios</span> <span class='ocrx_word' id='word_1_65' title='bbox 931 1790 1080 1886; x_wconf 90' lang='lat' dir='ltr'>partitur</span> <span class='ocrx_word' id='word_1_66' title='bbox 1098 1789 1136 1860; x_wconf 90' lang='lat' dir='ltr'>in</span> <span class='ocrx_word' id='word_1_67' title='bbox 1157 1789 1286 1862; x_wconf 89' lang='lat' dir='ltr'>omnis.</span> 
     </span>
     <span class='ocr_line' id='line_1_11' title="bbox 332 1904 1370 1999; baseline 0.004 -25"><span class='ocrx_word' id='word_1_68' title='bbox 332 1904 432 1975; x_wconf 92' lang='lat' dir='ltr'>Vina</span> <span class='ocrx_word' id='word_1_69' title='bbox 450 1904 570 1976; x_wconf 90' lang='lat' dir='ltr'>bonus</span> <span class='ocrx_word' id='word_1_70' title='bbox 587 1930 679 1999; x_wconf 88' lang='lat' dir='ltr'>quae</span> <span class='ocrx_word' id='word_1_71' title='bbox 700 1905 830 1976; x_wconf 91' lang='lat' dir='ltr'>deinde</span> <span class='ocrx_word' id='word_1_72' title='bbox 850 1905 947 1978; x_wconf 84' lang='lat' dir='ltr'>cadis</span> <span class='ocrx_word' id='word_1_73' title='bbox 966 1923 1124 1977; x_wconf 83' lang='lat' dir='ltr'>onerarat</span> <span class='ocrx_word' id='word_1_74' title='bbox 1142 1904 1285 1978; x_wconf 82' lang='lat' dir='ltr'>Acestes</span> <span class='ocrx_word' id='word_1_75' title='bbox 1368 1987 1370 1990; x_wconf 8' lang='grc' dir='ltr'><em>Α</em></span> 
     </span>
     <span class='ocr_line' id='line_1_12' title="bbox 333 2005 1290 2113; baseline 0.004 -23"><span class='ocrx_word' id='word_1_76' title='bbox 333 2005 455 2093; x_wconf 79' lang='lat' dir='ltr'>Litore</span> <span class='ocrx_word' id='word_1_77' title='bbox 472 2019 678 2109; x_wconf 74' lang='lat' dir='ltr'>Trinacrio,</span> <span class='ocrx_word' id='word_1_78' title='bbox 699 2019 914 2113; x_wconf 88' lang='lat' dir='ltr'>dederatque</span> <span class='ocrx_word' id='word_1_79' title='bbox 933 2021 1148 2101; x_wconf 84' lang='lat' dir='ltr'>abeuntibus</span> <span class='ocrx_word' id='word_1_80' title='bbox 1165 2021 1290 2113; x_wconf 88' lang='lat' dir='ltr'>heros,</span> 
     </span>
     <span class='ocr_line' id='line_1_13' title="bbox 333 2135 1212 2229; baseline 0 -24"><span class='ocrx_word' id='word_1_81' title='bbox 333 2135 490 2225; x_wconf 84' lang='lat' dir='ltr'>Dividit,</span> <span class='ocrx_word' id='word_1_82' title='bbox 509 2154 544 2206; x_wconf 93' lang='lat' dir='ltr'>et</span> <span class='ocrx_word' id='word_1_83' title='bbox 561 2136 665 2207; x_wconf 87' lang='lat' dir='ltr'>dictis</span> <span class='ocrx_word' id='word_1_84' title='bbox 681 2135 871 2206; x_wconf 85' lang='lat' dir='ltr'>maerentia</span> <span class='ocrx_word' id='word_1_85' title='bbox 891 2153 1034 2229; x_wconf 85' lang='lat' dir='ltr'>pectora</span> <span class='ocrx_word' id='word_1_86' title='bbox 1052 2139 1212 2208; x_wconf 88' lang='lat' dir='ltr'>mulcet:</span> 
     </span>
     <span class='ocr_line' id='line_1_14' title="bbox 324 2239 1435 2349; baseline 0.005 -28"><span class='ocrx_word' id='word_1_87' title='bbox 324 2239 336 2247; x_wconf 55' lang='grc'><strong>’</strong></span> <span class='ocrx_word' id='word_1_88' title='bbox 390 2251 427 2321; x_wconf 94' lang='grc' dir='ltr'><strong>Ο</strong></span> <span class='ocrx_word' id='word_1_89' title='bbox 448 2251 554 2341; x_wconf 80' lang='lat' dir='ltr'>socii,</span> <span class='ocrx_word' id='word_1_90' title='bbox 576 2251 836 2344; x_wconf 89' lang='lat' dir='ltr'>(nequeenim</span> <span class='ocrx_word' id='word_1_91' title='bbox 857 2250 967 2349; x_wconf 90' lang='lat' dir='ltr'>ignari</span> <span class='ocrx_word' id='word_1_92' title='bbox 988 2275 1114 2325; x_wconf 82' lang='lat' dir='ltr'>sumus</span> <span class='ocrx_word' id='word_1_93' title='bbox 1132 2270 1214 2323; x_wconf 85' lang='lat' dir='ltr'>ante</span> <span class='ocrx_word' id='word_1_94' title='bbox 1232 2254 1435 2347; x_wconf 81' lang='lat' dir='ltr'>malorum)</span> 
     </span>
     <span class='ocr_line' id='line_1_15' title="bbox 333 2356 1340 2464; baseline 0.003 -26"><span class='ocrx_word' id='word_1_95' title='bbox 333 2367 370 2438; x_wconf 95' lang='grc' dir='ltr'><strong>Ο</strong></span> <span class='ocrx_word' id='word_1_96' title='bbox 387 2366 482 2463; x_wconf 90' lang='lat' dir='ltr'>passi</span> <span class='ocrx_word' id='word_1_97' title='bbox 502 2366 682 2464; x_wconf 74' lang='lat' dir='ltr'>graviorar</span> <span class='ocrx_word' id='word_1_98' title='bbox 707 2365 808 2438; x_wconf 88' lang='lat' dir='ltr'>dabit</span> <span class='ocrx_word' id='word_1_99' title='bbox 827 2365 915 2444; x_wconf 83' lang='lat' dir='ltr'>deus</span> <span class='ocrx_word' id='word_1_100' title='bbox 931 2367 987 2440; x_wconf 91' lang='lat' dir='ltr'>his</span> <span class='ocrx_word' id='word_1_101' title='bbox 1005 2391 1154 2460; x_wconf 90' lang='lat' dir='ltr'>quoque</span> <span class='ocrx_word' id='word_1_102' title='bbox 1174 2367 1294 2441; x_wconf 86' lang='lat' dir='ltr'>finem.</span> <span class='ocrx_word' id='word_1_103' title='bbox 1338 2356 1340 2361; x_wconf 10' lang='grc' dir='ltr'><em>Α</em></span> 
     </span>
     <span class='ocr_line' id='line_1_16' title="bbox 334 2469 1259 2576; baseline 0 -23"><span class='ocrx_word' id='word_1_104' title='bbox 334 2480 416 2553; x_wconf 87' lang='lat' dir='ltr'>Vos</span> <span class='ocrx_word' id='word_1_105' title='bbox 436 2501 471 2552; x_wconf 91' lang='lat' dir='ltr'>et</span> <span class='ocrx_word' id='word_1_106' title='bbox 490 2480 686 2575; x_wconf 81' lang='lat' dir='ltr'>Scyllaeam</span> <span class='ocrx_word' id='word_1_107' title='bbox 704 2482 840 2554; x_wconf 83' lang='lat' dir='ltr'>rabiem</span> <span class='ocrx_word' id='word_1_108' title='bbox 859 2481 1078 2576; x_wconf 86' lang='lat' dir='ltr'>penitusque</span> <span class='ocrx_word' id='word_1_109' title='bbox 1098 2469 1259 2562; x_wconf 84' lang='lat' dir='ltr'>sonantis</span> 
     </span>
     <span class='ocr_line' id='line_1_17' title="bbox 335 2594 1159 2692; baseline 0.008 -27"><span class='ocrx_word' id='word_1_110' title='bbox 335 2594 496 2668; x_wconf 81' lang='lat' dir='ltr'>Adcestis</span> <span class='ocrx_word' id='word_1_111' title='bbox 514 2599 684 2692; x_wconf 91' lang='lat' dir='ltr'>scopulos</span> <span class='ocrx_word' id='word_1_112' title='bbox 710 2625 717 2667; x_wconf 90' lang='lat'>:</span> <span class='ocrx_word' id='word_1_113' title='bbox 745 2622 812 2670; x_wconf 86' lang='lat' dir='ltr'>vos</span> <span class='ocrx_word' id='word_1_114' title='bbox 829 2614 865 2669; x_wconf 85' lang='lat' dir='ltr'>et</span> <span class='ocrx_word' id='word_1_115' title='bbox 882 2596 1058 2692; x_wconf 85' lang='lat' dir='ltr'>Cyclopia</span> <span class='ocrx_word' id='word_1_116' title='bbox 1078 2622 1159 2672; x_wconf 86' lang='lat' dir='ltr'>saxa</span> 
     </span>
     <span class='ocr_line' id='line_1_18' title="bbox 335 2710 1332 2807; baseline 0.004 -25"><span class='ocrx_word' id='word_1_117' title='bbox 335 2710 490 2805; x_wconf 85' lang='lat' dir='ltr'>Experti.</span> <span class='ocrx_word' id='word_1_118' title='bbox 530 2734 691 2791; x_wconf 86' lang='lat' dir='ltr'>revocate</span> <span class='ocrx_word' id='word_1_119' title='bbox 709 2714 869 2802; x_wconf 87' lang='lat' dir='ltr'>animos,</span> <span class='ocrx_word' id='word_1_120' title='bbox 890 2731 1142 2807; x_wconf 89' lang='lat' dir='ltr'>maestumque</span> <span class='ocrx_word' id='word_1_121' title='bbox 1161 2715 1332 2796; x_wconf 80' lang='lat' dir='ltr'>timorem</span> 
     </span>
     <span class='ocr_line' id='line_1_19' title="bbox 336 2825 1292 2925; baseline 0.002 -29"><span class='ocrx_word' id='word_1_122' title='bbox 336 2825 478 2897; x_wconf 90' lang='lat' dir='ltr'>Mittite.</span> <span class='ocrx_word' id='word_1_123' title='bbox 515 2825 633 2899; x_wconf 84' lang='lat' dir='ltr'>forsan</span> <span class='ocrx_word' id='word_1_124' title='bbox 653 2847 689 2900; x_wconf 90' lang='lat' dir='ltr'>et</span> <span class='ocrx_word' id='word_1_125' title='bbox 706 2829 793 2900; x_wconf 89' lang='lat' dir='ltr'>haec</span> <span class='ocrx_word' id='word_1_126' title='bbox 811 2828 903 2904; x_wconf 92' lang='lat' dir='ltr'>olim</span> <span class='ocrx_word' id='word_1_127' title='bbox 922 2828 1131 2904; x_wconf 84' lang='lat' dir='ltr'>meminisse</span> <span class='ocrx_word' id='word_1_128' title='bbox 1144 2829 1292 2925; x_wconf 77' lang='lat' dir='ltr'>juvabit,</span> 
     </span>
     <span class='ocr_line' id='line_1_20' title="bbox 336 2940 1217 3039; baseline 0.01 -29"><span class='ocrx_word' id='word_1_129' title='bbox 336 2940 403 3011; x_wconf 89' lang='lat' dir='ltr'>Per</span> <span class='ocrx_word' id='word_1_130' title='bbox 421 2941 536 3013; x_wconf 90' lang='lat' dir='ltr'>varios</span> <span class='ocrx_word' id='word_1_131' title='bbox 555 2965 680 3032; x_wconf 90' lang='lat' dir='ltr'>casus,</span> <span class='ocrx_word' id='word_1_132' title='bbox 698 2969 761 3037; x_wconf 90' lang='lat' dir='ltr'>per</span> <span class='ocrx_word' id='word_1_133' title='bbox 778 2961 835 3016; x_wconf 92' lang='lat' dir='ltr'>tot</span> <span class='ocrx_word' id='word_1_134' title='bbox 852 2942 1057 3039; x_wconf 79' lang='lat' dir='ltr'>discrimina</span> <span class='ocrx_word' id='word_1_135' title='bbox 1075 2966 1217 3032; x_wconf 76' lang='lat' dir='ltr'>rerum,</span> 
     </span>
     <span class='ocr_line' id='line_1_21' title="bbox 336 3055 1357 3151; baseline 0.004 -26"><span class='ocrx_word' id='word_1_136' title='bbox 336 3055 542 3127; x_wconf 90' lang='lat' dir='ltr'>Tendimus</span> <span class='ocrx_word' id='word_1_137' title='bbox 560 3059 600 3128; x_wconf 90' lang='lat' dir='ltr'>in</span> <span class='ocrx_word' id='word_1_138' title='bbox 620 3058 765 3129; x_wconf 85' lang='lat' dir='ltr'>Latium</span> <span class='ocrx_word' id='word_1_139' title='bbox 790 3085 799 3126; x_wconf 77' lang='grc' dir='ltr'>ι</span> <span class='ocrx_word' id='word_1_140' title='bbox 828 3057 928 3131; x_wconf 88' lang='lat' dir='ltr'>sedes</span> <span class='ocrx_word' id='word_1_141' title='bbox 946 3057 1011 3128; x_wconf 88' lang='lat' dir='ltr'>ubi</span> <span class='ocrx_word' id='word_1_142' title='bbox 1029 3055 1100 3128; x_wconf 87' lang='lat' dir='ltr'>fata</span> <span class='ocrx_word' id='word_1_143' title='bbox 1119 3058 1257 3151; x_wconf 83' lang='lat' dir='ltr'>quietas</span> <span class='ocrx_word' id='word_1_144' title='bbox 1353 3130 1357 3138; x_wconf 74' lang='grc'><strong>,</strong></span> 
     </span>
     <span class='ocr_line' id='line_1_22' title="bbox 335 3171 1211 3271; baseline 0.002 -28"><span class='ocrx_word' id='word_1_145' title='bbox 335 3171 553 3243; x_wconf 83' lang='lat' dir='ltr'>ostendunt.</span> <span class='ocrx_word' id='word_1_146' title='bbox 589 3173 663 3244; x_wconf 91' lang='lat' dir='ltr'>illic</span> <span class='ocrx_word' id='word_1_147' title='bbox 682 3172 734 3245; x_wconf 82' lang='lat' dir='ltr'>fas</span> <span class='ocrx_word' id='word_1_148' title='bbox 752 3182 860 3271; x_wconf 80' lang='lat' dir='ltr'>regna</span> <span class='ocrx_word' id='word_1_149' title='bbox 875 3196 1049 3271; x_wconf 83' lang='lat' dir='ltr'>resurgere</span> <span class='ocrx_word' id='word_1_150' title='bbox 1068 3171 1211 3258; x_wconf 73' lang='lat' dir='ltr'>Troiae,</span> 
     </span>
     <span class='ocr_line' id='line_1_23' title="bbox 335 3286 1167 3376; baseline 0 -17"><span class='ocrx_word' id='word_1_151' title='bbox 335 3286 488 3376; x_wconf 90' lang='lat' dir='ltr'>Durate,</span> <span class='ocrx_word' id='word_1_152' title='bbox 509 3305 545 3356; x_wconf 90' lang='lat' dir='ltr'>et</span> <span class='ocrx_word' id='word_1_153' title='bbox 560 3307 707 3361; x_wconf 84' lang='lat' dir='ltr'>vosmet</span> <span class='ocrx_word' id='word_1_154' title='bbox 720 3289 826 3362; x_wconf 91' lang='lat' dir='ltr'>rebus</span> <span class='ocrx_word' id='word_1_155' title='bbox 846 3306 976 3362; x_wconf 84' lang='lat' dir='ltr'>servate</span> <span class='ocrx_word' id='word_1_156' title='bbox 994 3288 1167 3361; x_wconf 88' lang='lat' dir='ltr'>secundis.</span> 
     </span>
    </p>

    <p class='ocr_par' dir='ltr' id='par_1_3' title="bbox 335 3401 1525 4661">
     <span class='ocr_line' id='line_1_24' title="bbox 393 3401 1283 3503; baseline 0.007 -32"><span class='ocrx_word' id='word_1_157' title='bbox 393 3401 497 3474; x_wconf 91' lang='lat' dir='ltr'>Talia</span> <span class='ocrx_word' id='word_1_158' title='bbox 515 3427 605 3477; x_wconf 90' lang='lat' dir='ltr'>voce</span> <span class='ocrx_word' id='word_1_159' title='bbox 622 3402 750 3487; x_wconf 85' lang='lat' dir='ltr'>refert:</span> <span class='ocrx_word' id='word_1_160' title='bbox 780 3405 944 3499; x_wconf 84' lang='lat' dir='ltr'>curisque</span> <span class='ocrx_word' id='word_1_161' title='bbox 962 3404 1166 3503; x_wconf 85' lang='lat' dir='ltr'>ingentibus</span> <span class='ocrx_word' id='word_1_162' title='bbox 1184 3428 1283 3502; x_wconf 83' lang='lat' dir='ltr'>aeger</span> 
     </span>
     <span class='ocr_line' id='line_1_25' title="bbox 335 3515 1373 3615; baseline 0.002 -27"><span class='ocrx_word' id='word_1_163' title='bbox 335 3515 446 3611; x_wconf 90' lang='lat' dir='ltr'>Spem</span> <span class='ocrx_word' id='word_1_164' title='bbox 464 3518 567 3590; x_wconf 86' lang='lat' dir='ltr'>voltu</span> <span class='ocrx_word' id='word_1_165' title='bbox 588 3519 760 3610; x_wconf 83' lang='lat' dir='ltr'>simulat,</span> <span class='ocrx_word' id='word_1_166' title='bbox 785 3519 918 3615; x_wconf 86' lang='lat' dir='ltr'>premit</span> <span class='ocrx_word' id='word_1_167' title='bbox 936 3521 1053 3600; x_wconf 89' lang='lat' dir='ltr'>altum</span> <span class='ocrx_word' id='word_1_168' title='bbox 1071 3519 1179 3602; x_wconf 85' lang='lat' dir='ltr'>corde</span> <span class='ocrx_word' id='word_1_169' title='bbox 1195 3519 1373 3606; x_wconf 68' lang='lat' dir='ltr'>dolorem,</span> 
     </span>
     <span class='ocr_line' id='line_1_26' title="bbox 336 3632 1287 3735; baseline 0.001 -32"><span class='ocrx_word' id='word_1_170' title='bbox 336 3632 396 3703; x_wconf 92' lang='lat' dir='ltr'>llli</span> <span class='ocrx_word' id='word_1_171' title='bbox 420 3659 456 3705; x_wconf 90' lang='lat' dir='ltr'>se</span> <span class='ocrx_word' id='word_1_172' title='bbox 478 3634 626 3726; x_wconf 88' lang='lat' dir='ltr'>praedae</span> <span class='ocrx_word' id='word_1_173' title='bbox 649 3634 865 3735; x_wconf 75' lang='lat' dir='ltr'>adtingunt,</span> <span class='ocrx_word' id='word_1_174' title='bbox 889 3634 1119 3729; x_wconf 85' lang='lat' dir='ltr'>dapibusque</span> <span class='ocrx_word' id='word_1_175' title='bbox 1136 3632 1287 3707; x_wconf 79' lang='lat' dir='ltr'>sunnis:</span> 
     </span>
     <span class='ocr_line' id='line_1_27' title="bbox 335 3748 1211 3847; baseline 0.003 -29"><span class='ocrx_word' id='word_1_176' title='bbox 335 3748 491 3847; x_wconf 89' lang='lat' dir='ltr'>Tergora</span> <span class='ocrx_word' id='word_1_177' title='bbox 510 3749 694 3844; x_wconf 89' lang='lat' dir='ltr'>deripiunt</span> <span class='ocrx_word' id='word_1_178' title='bbox 712 3752 840 3841; x_wconf 85' lang='lat' dir='ltr'>costis,</span> <span class='ocrx_word' id='word_1_179' title='bbox 858 3769 894 3822; x_wconf 92' lang='lat' dir='ltr'>et</span> <span class='ocrx_word' id='word_1_180' title='bbox 911 3751 1043 3822; x_wconf 78' lang='lat' dir='ltr'>viscera</span> <span class='ocrx_word' id='word_1_181' title='bbox 1062 3749 1211 3822; x_wconf 90' lang='lat' dir='ltr'>nudant.</span> 
     </span>
     <span class='ocr_line' id='line_1_28' title="bbox 336 3862 1374 3962; baseline 0.002 -28"><span class='ocrx_word' id='word_1_182' title='bbox 336 3864 420 3935; x_wconf 90' lang='lat' dir='ltr'>Pars</span> <span class='ocrx_word' id='word_1_183' title='bbox 434 3865 477 3934; x_wconf 85' lang='lat' dir='ltr'>in</span> <span class='ocrx_word' id='word_1_184' title='bbox 493 3862 601 3936; x_wconf 86' lang='lat' dir='ltr'>frusta</span> <span class='ocrx_word' id='word_1_185' title='bbox 621 3883 768 3954; x_wconf 86' lang='lat' dir='ltr'>secant,</span> <span class='ocrx_word' id='word_1_186' title='bbox 790 3865 1005 3958; x_wconf 86' lang='lat' dir='ltr'>veribusque</span> <span class='ocrx_word' id='word_1_187' title='bbox 1023 3865 1211 3945; x_wconf 84' lang='lat' dir='ltr'>trementia</span> <span class='ocrx_word' id='word_1_188' title='bbox 1235 3863 1350 3962; x_wconf 87' lang='lat' dir='ltr'>figunt</span> <span class='ocrx_word' id='word_1_189' title='bbox 1364 3891 1374 3946; x_wconf 66' lang='lat' dir='ltr'><em>z</em></span> 
     </span>
     <span class='ocr_line' id='line_1_29' title="bbox 337 3976 1332 4073; baseline 0 -22"><span class='ocrx_word' id='word_1_190' title='bbox 337 3976 461 4051; x_wconf 76' lang='lat' dir='ltr'>Litore</span> <span class='ocrx_word' id='word_1_191' title='bbox 478 3979 591 4050; x_wconf 83' lang='lat' dir='ltr'>ahena</span> <span class='ocrx_word' id='word_1_192' title='bbox 608 3980 730 4052; x_wconf 83' lang='lat' dir='ltr'>locant</span> <span class='ocrx_word' id='word_1_193' title='bbox 751 3981 836 4070; x_wconf 84' lang='lat' dir='ltr'>alii,</span> <span class='ocrx_word' id='word_1_194' title='bbox 859 3978 1099 4073; x_wconf 82' lang='lat' dir='ltr'>flammasque</span> <span class='ocrx_word' id='word_1_195' title='bbox 1119 3980 1332 4061; x_wconf 74' lang='lat' dir='ltr'>ministrant,</span> 
     </span>
     <span class='ocr_line' id='line_1_30' title="bbox 336 4093 1340 4190; baseline 0.002 -26"><span class='ocrx_word' id='word_1_196' title='bbox 336 4094 437 4164; x_wconf 90' lang='lat' dir='ltr'>Tum</span> <span class='ocrx_word' id='word_1_197' title='bbox 456 4095 554 4165; x_wconf 91' lang='lat' dir='ltr'>victu</span> <span class='ocrx_word' id='word_1_198' title='bbox 572 4111 742 4167; x_wconf 89' lang='lat' dir='ltr'>revocant</span> <span class='ocrx_word' id='word_1_199' title='bbox 761 4094 854 4171; x_wconf 80' lang='lat' dir='ltr'>vires</span> <span class='ocrx_word' id='word_1_200' title='bbox 876 4123 884 4164; x_wconf 77' lang='lat' dir='ltr'>z</span> <span class='ocrx_word' id='word_1_201' title='bbox 913 4093 1059 4189; x_wconf 83' lang='lat' dir='ltr'>fusique</span> <span class='ocrx_word' id='word_1_202' title='bbox 1075 4119 1140 4190; x_wconf 91' lang='lat' dir='ltr'>per</span> <span class='ocrx_word' id='word_1_203' title='bbox 1153 4093 1303 4176; x_wconf 83' lang='lat' dir='ltr'>herbam</span> <span class='ocrx_word' id='word_1_204' title='bbox 1337 4152 1340 4157; x_wconf 29' lang='lat'><strong>⁴</strong></span> 
     </span>
     <span class='ocr_line' id='line_1_31' title="bbox 336 4207 1246 4309; baseline 0.001 -29"><span class='ocrx_word' id='word_1_205' title='bbox 336 4209 528 4303; x_wconf 87' lang='lat' dir='ltr'>Inplentur</span> <span class='ocrx_word' id='word_1_206' title='bbox 540 4209 667 4282; x_wconf 84' lang='lat' dir='ltr'>veteris</span> <span class='ocrx_word' id='word_1_207' title='bbox 689 4207 845 4301; x_wconf 85' lang='lat' dir='ltr'>Bacchi,</span> <span class='ocrx_word' id='word_1_208' title='bbox 868 4210 1086 4309; x_wconf 85' lang='lat' dir='ltr'>pinguisque</span> <span class='ocrx_word' id='word_1_209' title='bbox 1105 4208 1246 4297; x_wconf 64' lang='lat' dir='ltr'>ferinae„</span> 
     </span>
     <span class='ocr_line' id='line_1_32' title="bbox 336 4307 1429 4421; baseline 0.006 -27"><span class='ocrx_word' id='word_1_210' title='bbox 336 4324 537 4419; x_wconf 91' lang='lat' dir='ltr'>Postquam</span> <span class='ocrx_word' id='word_1_211' title='bbox 557 4343 697 4401; x_wconf 84' lang='lat' dir='ltr'>exemta</span> <span class='ocrx_word' id='word_1_212' title='bbox 716 4323 830 4398; x_wconf 86' lang='lat' dir='ltr'>fames</span> <span class='ocrx_word' id='word_1_213' title='bbox 849 4307 991 4421; x_wconf 84' lang='lat' dir='ltr'>epulis,</span> <span class='ocrx_word' id='word_1_214' title='bbox 1015 4349 1233 4421; x_wconf 79' lang='lat' dir='ltr'>mensaeque</span> <span class='ocrx_word' id='word_1_215' title='bbox 1247 4345 1429 4419; x_wconf 85' lang='lat' dir='ltr'>remotae,</span> 
     </span>
     <span class='ocr_line' id='line_1_33' title="bbox 336 4438 1201 4541; baseline 0.005 -31"><span class='ocrx_word' id='word_1_216' title='bbox 336 4438 500 4513; x_wconf 83' lang='lat' dir='ltr'>Amissos</span> <span class='ocrx_word' id='word_1_217' title='bbox 519 4442 631 4539; x_wconf 91' lang='lat' dir='ltr'>longo</span> <span class='ocrx_word' id='word_1_218' title='bbox 655 4442 774 4514; x_wconf 86' lang='lat' dir='ltr'>socios</span> <span class='ocrx_word' id='word_1_219' title='bbox 795 4464 962 4516; x_wconf 87' lang='lat' dir='ltr'>sermone</span> <span class='ocrx_word' id='word_1_220' title='bbox 981 4442 1201 4541; x_wconf 79' lang='lat' dir='ltr'>requirunt;¹</span> 
     </span>
     <span class='ocr_line' id='line_1_34' title="bbox 335 4553 1525 4661; baseline 0.004 -35"><span class='ocrx_word' id='word_1_221' title='bbox 335 4553 521 4651; x_wconf 89' lang='lat' dir='ltr'>Spemque</span> <span class='ocrx_word' id='word_1_222' title='bbox 536 4572 751 4651; x_wconf 84' lang='lat' dir='ltr'>metumque</span> <span class='ocrx_word' id='word_1_223' title='bbox 767 4556 860 4641; x_wconf 86' lang='lat' dir='ltr'>inter</span> <span class='ocrx_word' id='word_1_224' title='bbox 876 4554 1004 4648; x_wconf 83' lang='lat' dir='ltr'>dubii,</span> <span class='ocrx_word' id='word_1_225' title='bbox 1026 4581 1088 4640; x_wconf 79' lang='lat' dir='ltr'>seu</span> <span class='ocrx_word' id='word_1_226' title='bbox 1108 4558 1224 4640; x_wconf 81' lang='lat' dir='ltr'>vivere</span> <span class='ocrx_word' id='word_1_227' title='bbox 1242 4557 1406 4649; x_wconf 88' lang='lat' dir='ltr'>credant,</span> <span class='ocrx_word' id='word_1_228' title='bbox 1477 4655 1480 4661; x_wconf 69' lang='lat'>,</span> <span class='ocrx_word' id='word_1_229' title='bbox 1518 4648 1525 4659; x_wconf 27' lang='grc' dir='ltr'>ι</span> 
     </span>
    </p>
   </div>
   <div class='ocr_carea' id='block_1_3' title="bbox 0 0 1892 6212">
    <p class='ocr_par' dir='ltr' id='par_1_4' title="bbox 0 0 1892 6212">
     <span class='ocr_line' id='line_1_35' title="bbox 0 0 1892 6212; baseline 0 0"><span class='ocrx_word' id='word_1_230' title='bbox 0 0 1892 6212; x_wconf 95' lang='lat' dir='ltr'> </span> 
     </span>
    </p>
   </div>
  </div>
 </body>
</html>
