3750 6217
364 837 415 888 oo
633 809 973 885 ECLOGA
1029 811 1078 885 V.
1135 836 1168 885 v.
1217 825 1283 904 50:

360 976 439 1048 Nos
458 993 581 1047 tamen
601 975 686 1047 haec
702 1000 939 1071 quocumque
958 978 1073 1049 modo
1091 979 1157 1051 tibi
1175 995 1295 1051 nostra
1313 973 1470 1049 vicissim

360 1091 559 1163 Dicemus:
590 1090 836 1184 Daphninque
860 1109 969 1164 tuum
988 1095 1162 1167 tollemus
1187 1094 1232 1165 ad
1254 1110 1365 1164 astra:

359 1206 534 1302 Daphnin
554 1205 600 1275 ad
625 1221 714 1277 astra
738 1204 891 1292 feremis
915 1236 923 1276 ι
952 1211 1085 1280 amavit
1102 1235 1172 1284 nos
1189 1231 1341 1303 quoque
1358 1205 1532 1302 Daphnis.

744 1323 752 1340 ‘
855 1341 886 1392 M
900 1343 925 1394 0
940 1343 960 1392 r
974 1343 991 1394 s
1004 1343 1029 1392 u
1043 1343 1071 1396 s.

358 1435 420 1508 An
439 1434 644 1530 quidquam
663 1435 770 1508 nobis
788 1438 850 1510 tali
873 1439 918 1509 sit
940 1461 1088 1510 munere
1111 1440 1260 1539 majus?

358 1552 407 1624 Et
424 1576 513 1647 puer
532 1551 609 1646 ipse
629 1549 699 1623 fuit
718 1554 847 1625 cantari
865 1554 994 1651 dignus
1017 1583 1025 1622 ε
1053 1573 1088 1625 et
1112 1557 1177 1627 ista

356 1667 441 1758 Jam
459 1666 602 1767 pridem
618 1663 793 1738 Stimicon
809 1669 969 1739 laudavit
985 1670 1140 1740 carmina
1161 1669 1278 1740 nobis.

814 1802 1107 1855 narniens

364 1897 553 1970 Candidus
571 1898 755 1970 insuetum
776 1899 923 1968 miratur
942 1900 1054 1969 limen
1071 1898 1249 1994 Olympi,

360 2013 437 2086 Sub
456 2012 684 2109 pedibusque
702 2013 801 2084 videt
819 2013 935 2086 nubes
947 2031 982 2085 et
1004 2012 1115 2086 sidera
1134 2013 1307 2108 Daphnis.

361 2130 455 2227 Ergo
478 2129 600 2200 alacris
622 2128 726 2199 silvas
745 2146 780 2199 et
803 2145 914 2199 cetera
934 2154 1012 2200 rura
1030 2130 1225 2224 voluptas,

362 2244 556 2337 Panaque,
580 2260 812 2336 pastoresque
831 2260 949 2333 tenet,
976 2243 1208 2339 Dryadasque
1229 2244 1379 2338 puellas.

363 2358 440 2429 Nec
460 2361 571 2452 lupus
591 2357 738 2428 insidias
756 2359 902 2453 pecori,
927 2383 994 2431 nec
1014 2361 1100 2430 retia
1122 2360 1231 2431 cervis

362 2473 446 2547 Ulla
466 2473 596 2542 dolum
617 2473 861 2544 meditantur:
891 2493 988 2545 amat
1009 2474 1129 2547 bonus
1149 2474 1222 2546 otia
1239 2472 1412 2571 Daphne

362 2589 441 2683 Ipsi
460 2589 591 2659 laetitia
611 2611 718 2659 voces
735 2588 780 2659 ad
801 2589 911 2660 sidera
928 2591 1062 2687 jactant

363 2703 508 2774 Intonsi
528 2720 671 2774 montes
695 2731 703 2771 :
731 2705 828 2799 ipsae
847 2707 925 2802 jam
946 2705 1102 2777 carmina
1118 2731 1244 2801 rupes,

363 2819 450 2914 Ipsa
469 2837 599 2891 sonant
615 2817 759 2891 arbusta
782 2847 789 2888 :
816 2820 934 2910 deus,
956 2821 1044 2893 deus
1069 2823 1153 2910 ille,
1183 2822 1360 2894 Menalca·

363 2933 419 3006 sis
447 2933 568 3006 bonus
591 2958 614 3004 o
637 2931 796 3027 felixque
816 2937 887 3006 tuis
913 2936 921 3004 !
952 2961 998 3008 en
1022 2955 1177 3030 quatuor
1196 2962 1293 3010 aras:

364 3048 455 3123 Ecce
478 3049 567 3122 duas
595 3047 688 3139 tibi,
720 3049 866 3145 Daphni
887 3081 895 3131 ;
929 3050 1041 3142 duas,
1064 3053 1185 3125 altaria
1207 3051 1384 3134 Phoebos

364 3165 502 3236 Pocula
526 3165 611 3236 bina
631 3189 729 3236 novo
750 3167 956 3261 spumantia
975 3169 1064 3239 lacte
1084 3169 1326 3262 quotannis,
1381 3154 1383 3158 ¹

365 3279 594 3373 Craterasque
614 3279 689 3352 duo
711 3299 864 3352 statuam
880 3283 947 3353 tibi
968 3284 1112 3381 pinguis
1134 3286 1242 3356 olivi:

364 3395 412 3466 Et
430 3395 549 3464 multo
569 3394 752 3487 inprimis
777 3395 929 3466 hilarans
951 3398 1115 3466 convivia
1136 3397 1273 3468 Baccho
1289 3448 1302 3483 ,

365 3507 459 3581 Ante
484 3505 639 3596 focum,
668 3508 696 3579 si
720 3505 828 3605 frigus
850 3508 936 3596 erit,
965 3511 994 3579 si
1018 3510 1168 3598 messis,
1192 3505 1235 3579 in¹
1251 3506 1412 3600 umbra,=

365 3623 465 3695 Vina
488 3645 628 3692 novom
647 3619 798 3692 fundam
814 3622 959 3694 calathis
975 3622 1111 3694 Ariusia
1131 3639 1257 3693 nectar.

365 3737 575 3811 Cantabunt
591 3736 681 3806 mihi
702 3735 897 3809 Damoetas
914 3755 950 3808 et
967 3736 1113 3830 Lyctius
1133 3737 1285 3837 Aegon:

365 3852 532 3927 Saltantis
552 3851 693 3948 Satyros
711 3852 910 3924 imitabitur
924 3851 1199 3948 Alphesiboeus

367 3970 466 4043 Haec
480 3969 546 4041 tibi
565 3993 704 4064 semper
723 3986 846 4059 erunt,
871 3986 907 4041 et
925 3993 1043 4063 quom
1063 3969 1253 4041 sollemnia
1269 3989 1355 4044 vota

366 4085 578 4160 Reddemus
601 4082 805 4180 Nymphis,
833 4103 870 4155 et
893 4109 1013 4179 quom
1031 4084 1263 4160 lustrabimus
1286 4103 1401 4186 agros·

368 4200 473 4273 Dum
488 4202 585 4299 juga·
598 4201 736 4272 montis
754 4223 862 4294 aper,
884 4198 1017 4271 fluvios
1040 4199 1132 4270 dum
1152 4201 1259 4294 piscis
1279 4202 1447 4291 amabit,'

368 4315 546 4410 Dumque
564 4314 693 4409 thymo
714 4332 901 4410 pascentur
919 4339 1027 4410 apes,
1056 4316 1147 4398 dum
1165 4341 1243 4388 rore
1262 4317 1426 4406 cicadae,

369 4429 517 4526 Semper
534 4430 676 4521 honos,
699 4454 911 4524 nomenque
931 4447 1064 4521 tuum,
1087 4430 1284 4525 laudesque
1303 4432 1511 4514 manebunt.

369 4545 421 4632 Ut
435 4544 571 4617 baceho
591 4543 805 4640 Cererique,
826 4546 893 4616 tibi
913 4546 963 4617 sic
979 4563 1064 4617 vota
1082 4549 1296 4640 quotannis

370 4659 554 4780 Agricolae
576 4657 707 4739 facient
725 4688 738 4733 ι.
759 4660 949 4740 damnabis
965 4679 1008 4738 tu
1025 4685 1177 4777 quoque
1195 4663 1303 4754 voris.¹
