3750 6217
294 737 374 791 sao
502 705 947 802 Aaualuos
1002 706 1051 792 V.
1109 732 1141 780 v.
1190 726 1286 799 457:

290 876 401 949 Nunc
421 876 542 946 dextra
562 874 786 970 ingeminans
806 874 917 962 ictus,
940 895 1035 942 nunc
1055 872 1115 941 ille
1134 871 1279 944 sinistra.

290 992 368 1063 Nec
387 1015 506 1077 mora,
524 1011 590 1058 nec
608 991 756 1082 requies.
797 1013 908 1083 quarn
930 988 1045 1057 multa
1064 986 1234 1085 grandine
1254 983 1371 1063 nimbi

290 1104 525 1188 Culminibus
544 1105 739 1197 crepitant;
764 1104 813 1175 sic
832 1103 950 1174 densis
971 1102 1100 1173 ictibus
1119 1102 1224 1172 heros

290 1221 422 1291 Creber
442 1237 587 1312 utraque
605 1244 716 1291 manu
735 1220 853 1313 pulsat
869 1236 1052 1309 versatque
1069 1217 1205 1299 Dareta,

291 1337 391 1407 Tum
412 1351 511 1429 pater
528 1330 663 1406 Aeneas
682 1333 873 1428 procedere
889 1333 1031 1429 longius
1051 1333 1137 1421 iras,

214 1451 217 1464 ’
290 1452 338 1526 Et
355 1449 484 1525 saevite
503 1450 632 1520 animis
650 1449 834 1520 Entellum
851 1447 948 1517 haud
966 1472 1089 1540 passus
1108 1446 1262 1530 acerbiss

292 1565 363 1637 Sed
383 1564 491 1635 finem
511 1562 673 1658 inposuit
693 1588 857 1661 pugnae,
882 1561 1087 1655 fessumque
1109 1561 1237 1642 Dareta

293 1681 450 1774 Eripuit,
468 1679 630 1752 mulcens
648 1679 774 1749 dictis:
803 1703 843 1748 ac
862 1679 945 1748 talia
962 1675 1070 1748 fatur:

293 1793 449 1882 Infelix,
469 1818 562 1887 quae
578 1812 674 1865 tanta
692 1793 856 1864 animum
874 1792 1053 1864 dementia
1074 1794 1199 1887 cepit?

293 1909 382 1982 Non
397 1909 487 1980 vires
506 1909 608 1998 alias,
631 1933 869 2001 conversaque
889 1908 1038 1978 numina
1059 1910 1166 1980 sentis
1182 1910 1201 1977 i

294 2023 393 2095 Cede
413 2024 494 2094 dee.
531 2024 717 2118 dixitque,
736 2041 772 2094 et
790 2024 925 2118 proelia
945 2047 1032 2093 voce
1052 2024 1205 2106 diremit,

295 2141 361 2214 Ast
380 2140 487 2210 illum
505 2137 568 2208 fidi
585 2140 770 2232 aequales,
792 2163 905 2235 genua
912 2141 1020 2235 ‘aegra
1039 2140 1261 2227 trahentem,

292 2255 566 2346 Jactantemque
583 2271 735 2346 utroque
755 2271 883 2346 caput,
904 2275 1132 2348 crassumque
1150 2277 1312 2324 cruorem

247 2453 256 2460 ,
296 2372 370 2448 Ore
388 2372 615 2468 ejectantem,
638 2370 843 2462 mixtosque
863 2369 900 2438 in
921 2369 1090 2466 sanguine
1107 2368 1251 2457 dentes,
1331 2384 1334 2391 '

296 2485 444 2557 Ducunt
463 2483 508 2552 ad
526 2483 624 2567 navis
641 2514 651 2562 r
671 2485 879 2580 galeamque
898 2508 1093 2578 ensemque
1110 2485 1227 2555 vocati

298 2598 498 2693 Adcipiunt
519 2626 526 2667 :
557 2600 718 2692 palmam
738 2597 880 2669 Entello
897 2616 1113 2692 taurumque
1131 2600 1346 2692 relinquunt.

296 2711 368 2787 Hic
386 2715 517 2804 victor,
543 2738 710 2808 superans
729 2713 881 2801 animis,
904 2733 1077 2808 tauroque
1096 2714 1290 2808 superbus,

296 2830 389 2902 Nate
407 2829 496 2917 dea,
518 2853 656 2922 vosque
675 2830 782 2918 haec,
806 2829 944 2924 inquit,
968 2830 1193 2928 cognoscite,
1213 2829 1364 2911 Teucri3

296 2946 344 3031 Et
361 2944 452 3023 mihi
470 2969 562 3037 quae
579 2943 708 3015 fuerint
722 2945 880 3042 juvenali
898 2945 934 3014 in
953 2969 1104 3039 corpore
1122 2943 1237 3023 vires:

297 3061 343 3133 Et
363 3085 433 3154 qua
454 3062 592 3130 servetis
609 3078 811 3144 revocatum
833 3086 852 3129 a
872 3079 987 3132 morte
1005 3060 1141 3133 Dareta.

297 3175 417 3260 Dixit,
440 3191 475 3244 et
492 3173 625 3254 adversi
646 3194 766 3245 contra
787 3176 881 3246 stetit
904 3201 964 3246 ora
977 3178 1140 3272 juvenci,

299 3288 375 3392 Qui
393 3288 535 3356 donum
555 3287 712 3359 adstabat
731 3314 871 3385 pugnae
891 3318 900 3357 ι
928 3290 1108 3383 durosque
1125 3290 1268 3361 reducta

299 3401 457 3474 Libravit
475 3400 594 3469 dextra
613 3403 732 3472 media
750 3404 838 3472 inter
856 3428 988 3474 cornua
1006 3422 1119 3475 cestus

299 3516 463 3602 Arduus,
486 3513 698 3608 effractoque
718 3518 829 3588 inlisit
848 3518 885 3587 in
905 3544 982 3589 ossa
1001 3518 1151 3588 cerebra.

300 3630 491 3721 Sternitur,
517 3631 763 3724 exanimisque
782 3652 936 3703 tremens
958 3632 1164 3725 procumbit
1182 3632 1284 3705 humi
1307 3633 1385 3707 bos.

301 3748 368 3822 Ille
389 3772 493 3841 super
508 3746 585 3817 talis
603 3745 754 3832 effundit
771 3767 918 3840 pectore.
936 3774 1059 3819 voces:

301 3862 404 3935 Hanc
420 3862 508 3953 tibi,
533 3862 644 3956 Eryx,
666 3862 855 3940 meliorem
875 3863 1033 3934 animam
1052 3889 1117 3958 pro
1138 3884 1253 3937 morte
1271 3865 1408 3939 Daretis

301 3978 469 4049 Persolvo
496 4006 503 4045 :
533 3972 589 4047 hic
606 3979 715 4047 victor
732 3994 845 4049 cestus
862 3996 1043 4071 artemque
1058 4006 1207 4073 rep0n0.

358 4092 531 4180 Proteum
551 4091 688 4163 Aeneas
705 4092 806 4164 'celeri
824 4114 950 4165 certare
969 4097 1090 4192 sagitta

301 4208 454 4294 Invitat,
479 4208 542 4299 qui
565 4205 653 4276 forte
673 4208 805 4286 velint;
833 4227 868 4278 et
887 4212 1042 4302 praemia
1060 4214 1182 4304 ponit:
1218 4215 1221 4222 '

300 4322 513 4419 Ingentique
531 4346 644 4410 manu
660 4324 799 4392 malum
821 4324 867 4393 de
883 4350 971 4395 nave
988 4324 1112 4396 Seresti

299 4437 428 4535 Εῐίςίη
452 4456 487 4507 et
505 4438 686 4506 volucrem
704 4440 845 4535 trajecto
867 4441 904 4509 in
923 4439 1008 4510 fune
1027 4440 1255 4533 columbam,

300 4552 387 4666 Quo
408 4551 556 4643 tendant
571 4552 722 4642 ferrum,
747 4556 845 4632 malo
868 4556 1055 4651 suspendit
1077 4554 1123 4625 ab
1144 4557 1230 4644 alto,
