3750 6217
320 848 1385 1043 ΑΕΝΕΙΒΟΒ,

489 1212 770 1314 LIBER
827 1206 1198 1320 PRIMUS.

349 1602 412 1679 Ille
433 1628 512 1702 ego,
537 1606 593 1705 qui
608 1594 766 1706 quondam
783 1602 903 1703 gracili
924 1606 1106 1681 modulatus
1127 1632 1228 1682 avena

355 1723 513 1811 Carmen,
534 1744 564 1794 et
586 1750 728 1818 egressus
744 1724 852 1812 silvis,
871 1727 979 1796 vicina
1003 1729 1091 1819 coigi

255 1879 263 1891 ·
353 1838 397 1910 Ut
418 1841 562 1934 quamvis
585 1840 679 1911 avido
696 1858 851 1940 parerent
872 1866 956 1913 arva
982 1842 1112 1932 colono,

353 1951 493 2024 Gratum
516 1980 593 2053 opus
613 1956 764 2048 agricolis
787 1985 798 2024 .·
830 1974 864 2027 at
881 1982 966 2029 nunc
987 1957 1146 2030 horrentia
1165 1954 1289 2029 Martis

986 2140 1001 2179 3

235 2316 432 2415 ARMA,
455 2318 646 2421 virumque
665 2348 780 2417 cano,
802 2326 933 2399 Troiae
954 2325 1018 2421 qui
1038 2324 1177 2425 primus
1196 2324 1242 2397 ab
1261 2324 1334 2401 oris

234 2436 401 2529 Italiam,
421 2440 496 2513 fato
517 2441 714 2542 profugus,
738 2434 890 2516 Lavinia
908 2442 1009 2513 venit

233 2544 377 2635 Litora;
395 2559 556 2628 multum
576 2558 638 2629 ille
658 2575 694 2630 et
710 2558 809 2632 terris
824 2561 976 2658 jactatus
994 2570 1030 2631 et
1048 2561 1123 2633 alto

235 2662 286 2738 Vi
305 2675 494 2764 superssm,
516 2696 638 2745 saevae
659 2686 863 2746 memorem
877 2659 1037 2763 Junonis
1054 2674 1105 2744 ob
1125 2674 1235 2743 iram:

234 2776 352 2854 Multa
373 2811 522 2883 quoque
539 2808 574 2861 et
593 2787 692 2860 bello
712 2802 860 2884 passus,
884 2786 974 2858 dum
995 2787 1165 2860 conderet
1181 2785 1331 2881 urbem,

234 2896 458 2996 Inferretque
475 2903 564 2975 deos
585 2888 689 2976 [atio
711 2932 719 2974 :
749 2928 862 3003 genus
879 2895 978 2974 unde
999 2902 1193 2991 Latinum,

231 3011 438 3111 Albanique
462 3028 605 3113 patres,
628 3037 736 3113 atque
755 3021 845 3091 altae
862 3016 1009 3088 moenia
1024 3010 1174 3088 Romae.

289 3129 414 3222 Musa,
434 3132 525 3207 mihi
546 3148 683 3206 caussas
701 3146 885 3222 memora,
908 3156 985 3225 quo
1006 3126 1156 3203 numine
1172 3131 1297 3227 laeso,

231 3242 379 3355 Quidve
397 3239 528 3321 dolens
546 3248 667 3347 regina
685 3248 797 3321 defim'
815 3264 872 3321 tot
889 3247 1033 3319 volvere
1053 3262 1153 3320 c'asus
1241 3308 1244 3313 .
1293 3230 1297 3237 ¹

228 3363 416 3463 Insignem
437 3364 570 3459 pietate
587 3362 732 3454 v'irum,
753 3380 810 3437 tot
826 3354 922 3435 adire
942 3360 1084 3436 labores

229 3480 432 3574 Inpulerit:
465 3490 631 3551 tantaene
651 3479 783 3553 animis
804 3477 1019 3551 coelestibus
1039 3478 1133 3550 irae!

287 3594 380 3669 Urbs
399 3593 547 3688 antiqua
567 3592 655 3675 fuit;
677 3590 779 3690 Tyrii
799 3609 946 3668 tenuere
965 3594 1110 3673 coloni;

228 3710 426 3810 Carthago,
447 3709 592 3781 Italiam
610 3728 735 3784 contra
752 3708 1000 3804 Tiberinaque
1020 3710 1130 3807 longe

228 3826 354 3917 Ostia,
377 3825 477 3897 dives
498 3848 640 3921 opum,
662 3825 862 3921 studiisque
881 3825 1075 3920 aspenima
1094 3821 1206 3897 belli:

230 3939 355 4046 Quam
369 3937 470 4028 Juno
489 3938 597 4012 fertur
614 3938 714 4013 terris
732 3941 847 4041 magis
867 3932 1042 4013 omnibus
1062 3962 1176 4011 unam

229 4053 441 4129 Posthabitn
460 4050 618 4129 coluisse
634 4042 745 4129 Samo
762 4087 771 4136 ;
791 4051 850 4129 hic
867 4056 966 4129 illius
985 4080 1109 4146 anna,

228 4164 300 4242 Hic
320 4195 439 4245 eunus
458 4166 529 4243 fuit
548 4198 556 4241 ε
581 4172 652 4243 hoc
669 4195 822 4272 regnum
841 4171 908 4244 dea
927 4166 1096 4271 gentibus
1115 4194 1214 4259 esse,

228 4283 265 4357 si
288 4312 359 4382 qua
379 4287 450 4361 fata
470 4287 617 4379 sinant,
635 4289 714 4387 jam
733 4306 814 4360 tum
832 4286 1022 4382 tenditque
1040 4284 1222 4380 fovetque.

229 4399 446 4503 Progeniem
465 4402 647 4477 sedenim
668 4396 831 4476 Troiano
853 4429 874 4475 a
891 4400 1064 4503 sanguine
1083 4400 1167 4474 duci

228 4516 425 4615 Audiam,
452 4517 580 4617 Tyrias
600 4521 694 4605 olim
714 4545 808 4619 quae
824 4537 973 4595 venetet
990 4536 1107 4599 ancesz
1172 4626 1203 4700 P
