3750 6217
419 726 868 861 Aruernos
924 743 1039 817 XII·
1094 764 1129 818 v·
1173 764 1238 840 9⁵·
1356 764 1437 838 asa

111 963 113 967 .
226 903 472 981 Vociferans':
502 909 634 1001 Nunc,
655 935 678 982 o
702 934 907 1004 numquam
927 908 1087 983 frustrata
1103 928 1253 982 vocatus

228 1027 339 1098 Hasta
358 1050 483 1115 meos,
505 1050 603 1098 nunc
621 1042 768 1119 tempus
785 1025 884 1120 adest
905 1053 913 1094 ε
943 1045 977 1097 te
994 1050 1188 1097 maxumus
1206 1024 1338 1116 Actor,
1442 1062 1448 1075 .

228 1141 284 1214 Te
305 1138 418 1212 Turni
440 1143 537 1212 nu'rlt:
557 1140 678 1213 dextra
694 1140 789 1239 gerit
821 1140 868 1211 da
887 1159 1038 1238 sternere
1059 1164 1212 1235 corpus,

230 1257 469 1349 Loricamque
489 1280 603 1328 manu
619 1255 739 1327 va'lida
756 1257 902 1328 lacerare
922 1257 1099 1329 revolsam

229 1359 395 1442 Semiviri
417 1370 585 1470 Phrygis,
608 1392 644 1444 et
663 1371 806 1443 foedare
825 1372 863 1441 in
880 1374 1026 1469 pulvere
1045 1371 1153 1474 crinis

232 1488 403 1561 Vibratos
421 1488 538 1557 calido
559 1485 650 1558 feno
663 1487 906 1581 ‚mynhaque
925 1487 1114 1560 madentis

231 1604 298 1674 His
318 1603 432 1699 agitur
448 1601 569 1682 furiis;
589 1620 742 1696 totoque
762 1602 914 1675 ardentis
932 1601 979 1673 ab
998 1627 1059 1705 ore

232 1718 412 1790 Scintillae
432 1717 634 1790 absistunt.
665 1718 780 1790 oculis
799 1719 908 1818 micat
927 1718 1094 1791 acribus
1085 1698 1187 1816 rgnis.

234 1835 394 1931 Mugitus
410 1806 522 1904 ieluti
544 1858 661 1926 quom
681 1833 806 1964 prima
816 1835 854 1903 in
874 1814 1010 1949 proelia
1029 1852 1150 1906 taurus

234 1942 423 2019 Terrilicos
440 1950 530 2036 ciet,
554 1968 661 2041 atque
682 1949 779 2019 irasci
797 1949 836 2018 in
856 1945 987 2020 cornua
1008 1966 1137 2037 tentat,

234 2058 380 2135 Arboris
401 2003 558 2136 obnixirs
576 2082 730 2143 truneo;
754 2082 956 2158 ventosque
976 2064 1114 2137 lacessit

123 2248 130 2253 .
235 2178 392 2268 Ictibus,
415 2198 450 2250 et
470 2185 585 2273 sparsa
609 2179 654 2251 ad
675 2198 837 2277 pugnam
856 2174 1018 2274 proludit
1034 2200 1148 2252 arena.

293 2292 367 2364 Nec
388 2295 509 2365 minus
527 2291 660 2366 interea
679 2295 847 2366 maternis
865 2316 986 2392 saevus
1007 2296 1045 2364 in
1063 2277 1171 2367 annis

235 2407 373 2480 Aeneas
390 2409 484 2479 acuit
501 2407 672 2496 Martem,
694 2426 730 2478 et
750 2433 786 2478 se
807 2408 951 2480 suscitat
971 2410 1037 2498 ira,

236 2525 372 2594 Oblato
394 2522 552 2620 gaudens
572 2523 735 2619 conponi
759 2520 901 2593 foedere
920 2523 1071 2595 bellum

237 2639 338 2709 Turn
359 2641 498 2726 socios,
526 2640 724 2741 maestique
743 2655 883 2708 metum
901 2639 1034 2710 solatur
1054 2619 1153 2731 ltili,

237 2753 322 2826 Fata
342 2755 505 2827 docens:
535 2755 680 2852 regique
696 2736 800 2881 jubet
818 2761 987 2848 responsa
1009 2752 1139 2826 Latino

239 2869 341 2941 Certa
358 2868 530 2941 referre'
498 2880 611 2957 unos,
636 2883 672 2941 et
690 2868 788 2961 pacis
807 2868 922 2940 dicere
945 2871 1049 2977 leget.

296 2984 439 3054 Postera
458 2985 520 3054 vix
537 2998 702 3056 summos
721 2982 905 3082 spargebat
921 2962 1061 3054 lumine
1080 2991 1226 3057 montes

239 3099 327 3170 Orta
346 3098 444 3177 dies;
473 3123 589 3192 quom
607 3099 770 3203 prlmum
785 3099 857 3169 alto
879 3123 916 3170 se
933 3099 1067 3209 gurgite
1086 3080 1222 3173 tollunt
1299 3168 1303 3175 .

238 3213 333 3286 Solis
354 3217 460 3307 equi,
484 3216 675 3307 lucemque
692 3205 792 3313 elatip
809 3210 955 3318 naribus
975 3200 1117 3295 ellum

240 3328 423 3423 Campum
446 3330 491 3400 ad
514 3346 691 3402 cenamen
710 3353 861 3427 magnae
879 3326 944 3402 sub
964 3330 1160 3404 moenibus
1174 3314 1275 3404 urbis

242 3434 406 3515 Dimensi
426 3443 677 3537 Rutulique
644 3469 709 3517 vrn
699 3443 930 3540 Teucrique
950 3446 1142 3545 parabant,

241 3557 285 3629 ln
304 3556 504 3654 medioque
523 3558 649 3660 focos,
673 3581 708 3633 et
725 3560 794 3633 diis
811 3561 1071 3634 communibus
1091 3585 1164 3635 aras

242 3674 459 3748 Gramineas.
499 3676 560 3748 alii
578 3673 792 3769 fontemque
811 3664 1006 3774 ignemque
1023 3662 1206 3769 fetebant,

240 3787 360 3862 Velati
377 3791 494 3881 limo,
520 3811 555 3864 et
573 3791 724 3864 verbena
740 3802 904 3886 tempora
922 3790 1042 3864 vincti.

242 3902 408 3976 Procedit
427 3907 522 4003 legio
544 3905 800 3997 Ausonidum,
822 3907 1006 4002 pilataque
1022 3904 1142 4000 plenis

243 4020 399 4118 Agmina
419 4045 456 4091 se
474 4019 633 4093 fundunt
651 4023 772 4116 ponis.
809 4022 893 4093 hinc
910 4020 1044 4094 Troius
1061 4010 1202 4114 omnis,

244 4133 527 4230 Tyrrhenusque,
538 4137 607 4208 ruit
625 4139 727 4209 'variis
745 4122 916 4209 exercitus
935 4138 1062 4217 annisa

243 4248 351 4322 Haud
373 4275 471 4323 secus
488 4246 647 4323 instructi
667 4251 781 4342 ferro,
806 4278 917 4346 quam
937 4253 966 4325 si
986 4278 1107 4349 aspera
1126 4239 1251 4328 Martis

243 4365 366 4464 Pugna
382 4387 496 4440 vocet.
532 4392 695 4439 necnon
715 4369 901 4441 mediisin
921 4360 1086 4442 millibus
1105 4369 1175 4464 ipsi

244 4481 419 4555 Ductores
439 4509 524 4555 auro
544 4485 697 4555 volitant
715 4503 886 4578 ostroque
907 4485 1051 4574 decori,

244 4596 290 4672 Et
306 4622 418 4700 genus
438 4599 595 4675 Assaraci
614 4599 844 4691 Mnestheus,
867 4619 902 4674 et
918 4601 1020 4675 fortis
1038 4596 1185 4786 Αεγῐαεά,

1070 4713 1142 4787 Dd
