3750 6217
921 708 1023 782 5ο
1277 684 2322 761 GEORGICON
2438 685 2499 758 1.
2616 710 2683 759 v.
2792 684 2978 781 ἄρα.

913 854 1288 953 Pervigilat
1319 908 1341 943 ,
1401 852 1731 947 ferroque
1772 851 1958 924 faces
1999 851 2301 946 inspicat
2338 868 2570 924 acuto.

911 970 1189 1042 Interea
1218 1024 1241 1059 ,
1294 971 1602 1067 longum
1642 987 1852 1040 cantu
1893 969 2115 1039 solata
2162 966 2482 1037 laborem
2515 1019 2541 1057 ,

913 1084 1188 1183 Arguto
1240 1086 1560 1182 conjunx
1603 1084 1940 1178 percurrit
1985 1082 2271 1177 pectine
2314 1083 2530 1154 telas:

911 1198 1060 1273 Aut
1097 1200 1325 1271 dulcis
1363 1201 1584 1272 musti
1619 1198 1956 1270 Volcano
1998 1198 2344 1291 decoquit
2381 1196 2764 1269 humorem
2789 1248 2815 1289 ,

911 1317 1006 1389 Et
1048 1314 1244 1386 foliis
1283 1314 1553 1385 undam
1590 1315 1846 1409 trepidi
1889 1314 2268 1408 despumat
2302 1313 2529 1384 aheni.

914 1431 1010 1504 At
1044 1430 1438 1502 rubicunda
1479 1430 1688 1501 Ceres
1725 1428 1973 1499 medio
2017 1426 2396 1500 succiditur
2433 1446 2627 1500 aestu
2657 1454 2674 1497 ε

915 1548 1007 1619 Et
1045 1545 1292 1615 medio
1336 1562 1554 1616 tostas
1595 1563 1789 1616 aestu
1828 1544 1990 1616 terit
2026 1567 2185 1613 area
2219 1541 2468 1641 fmgeS.

915 1661 1175 1732 Nudus
1222 1686 1373 1749 ara,
1435 1686 1578 1731 sere
1627 1658 1895 1731 nudus·
1974 1658 2204 1728 hiems
2262 1658 2512 1756 ignava
2564 1658 2856 1729 colono·

915 1776 1320 1875 Frigoribus
1356 1794 1558 1869 parto
1601 1774 1945 1871 agricolae
1982 1774 2414 1867 plerumque
2453 1770 2823 1862 fruuntur,

915 1892 1315 1983 Mutuaque
1355 1890 1536 1960 inter
1576 1916 1647 1962 se
1689 1890 1852 1960 laeti
1894 1889 2217 1960 convivia
2267 1907 2533 1959 curant.

918 2007 1183 2077 Invitat
1223 2006 1515 2103 genialis
1562 2006 1795 2076 hiems
1829 2057 1849 2092 ,
1914 2028 2253 2096 curasque
2289 2003 2614 2075 resolvit:

919 2122 1074 2192 Ceu
1112 2146 1389 2213 pressae
1429 2144 1664 2211 quom
1693 2123 1843 2215 jam
1882 2136 2177 2213 portum
2219 2120 2502 2217 tetigere
2553 2118 2823 2188 carinae
2847 2170 2871 2208 ,

919 2235 1296 2332 Puppibus
1331 2253 1403 2304 et
1445 2234 1609 2304 laeti
1645 2251 1898 2304 nautae
1935 2235 2314 2327 inposuere
2360 2257 2679 2305 coronas.

918 2352 1059 2423 Sed
1098 2369 1341 2420 tamen
1380 2368 1448 2419 et
1491 2374 1791 2442 quernas
1832 2349 2127 2446 glandes
2161 2367 2319 2420 tum
2363 2349 2694 2447 stringere
2730 2365 3023 2443 tempus
3046 2400 3071 2440 ,

918 2465 1011 2535 Et
1049 2465 1223 2534 lauri
1266 2465 1518 2552 bacas,
1574 2465 1999 2555 oleamque,
2052 2483 2485 2556 cruentaque
2523 2480 2793 2559 myrta.

920 2578 1122 2651 Tum
1158 2578 1446 2677 gruibus
1483 2578 1767 2672 pedicas
1808 2597 1877 2649 et
1916 2579 2083 2649 retia
2126 2602 2396 2673 ponere
2433 2579 2650 2650 cervis
2680 2632 2701 2667 ‚

919 2672 1356 2788 Auritosque
1395 2694 1596 2785 sequi
1636 2695 1976 2787 lepores;
2024 2712 2181 2764 tum
2230 2694 2436 2793 figere
2481 2692 2767 2784 damas,

918 2807 1240 2904 Stuppea
1280 2826 1736 2901 torquentem
1779 2804 2078 2881 Balearis
2117 2810 2399 2879 verbera
2434 2807 2698 2880 fundae
2722 2862 2743 2897 ‚

920 2923 1179 3029 Quom
1225 2924 1353 2994 nix
1399 2927 1536 2995 alta
1563 2927 1784 3023 jacet,
1831 2925 2131 3022 glaciem
2173 2949 2407 3018 quom
2448 2922 2753 2994 flumina
2791 2922 3105 2995 trudunt.

1039 3038 1242 3144 Quid
1282 3057 1740 3133 tempestates
1782 3041 2109 3112 autumni
2161 3058 2230 3112 et
2277 3040 2499 3111 sidera
2546 3039 2784 3111 dicam
2818 3040 2853 3110 Ρ

916 3151 1162 3248 Atque
1212 3156 1342 3225 ubi
1387 3157 1543 3253 jam
1589 3154 2014 3249 breviorque
2065 3156 2218 3227 dies
2248 3210 2269 3243 ,
2323 3174 2394 3227 et
2440 3155 2741 3225 mollior
2794 3171 3052 3242 aestu,

919 3268 1130 3373 Quae
1170 3269 1526 3364 vigilanda
1566 3270 1730 3341 viris
1771 3273 1803 3339 Ρ
1862 3272 1979 3340 vel
2026 3296 2261 3363 quom
2304 3272 2443 3342 ruit
2493 3267 2937 3341 imbriferum
2980 3294 3153 3341 ver:

918 3381 1170 3478 Spicea
1212 3384 1367 3480 jam
1416 3383 1690 3476 campis
1737 3407 1975 3477 quom
2019 3386 2271 3457 messis
2311 3386 2707 3474 inhorruit,
2764 3402 2836 3457 et
2874 3408 3109 3480 quom

920 3496 979 3568 F
980 3516 1305 3568 rumenta
1344 3498 1421 3567 in
1459 3497 1667 3566 viridi
1709 3499 1972 3592 stipula
2013 3501 2341 3571 lactentia
2378 3503 2721 3599 turgent?

920 3609 1146 3707 Saepe
1184 3636 1316 3710 ego
1344 3666 1366 3701 ,
1418 3636 1648 3704 quom
1689 3610 1889 3685 flavis
1924 3638 2319 3688 messorem
2362 3616 2728 3688 induceret
2767 3617 2947 3689 arvis

920 3725 1304 3827 Agricola,
1363 3746 1434 3800 et
1473 3725 1696 3826 fragili
1730 3730 1886 3826 jam
1930 3731 2288 3828 stringeret
2336 3731 2599 3804 hordea
2638 3733 2931 3823 culm0,

921 3844 1199 3914 Omnia
1252 3862 1632 3915 ventorum
1680 3868 2087 3917 concurrere
2137 3849 2409 3941 proelia
2454 3847 2649 3918 vidi:
