<?xml version="1.0" encoding="UTF-8"?>
<!DOCTYPE html PUBLIC "-//W3C//DTD XHTML 1.0 Transitional//EN"
    "http://www.w3.org/TR/xhtml1/DTD/xhtml1-transitional.dtd">
<html xmlns="http://www.w3.org/1999/xhtml" xml:lang="en" lang="en">
 <head>
  <title>
</title>
<meta http-equiv="Content-Type" content="text/html;charset=utf-8" />
  <meta name='ocr-system' content='tesseract 3.04.00' />
  <meta name='ocr-capabilities' content='ocr_page ocr_carea ocr_par ocr_line ocrx_word'/>
</head>
<body>
  <div class='ocr_page' id='page_1' title='image "./publiivirgiliim00brungoog_0218.png"; bbox 0 0 3750 6217; ppageno 0'>
   <div class='ocr_carea' id='block_1_1' title="bbox 400 704 1440 821">
    <p class='ocr_par' dir='ltr' id='par_1_1' title="bbox 400 704 1440 821">
     <span class='ocr_line' id='line_1_1' title="bbox 400 704 1440 821; baseline -0.006 -23"><span class='ocrx_word' id='word_1_1' title='bbox 400 720 871 821; x_wconf 56' lang='lat' dir='ltr'>⁸AENEIDOS</span> <span class='ocrx_word' id='word_1_2' title='bbox 928 704 1244 797; x_wconf 59' lang='lat' dir='ltr'>ruerant</span> <span class='ocrx_word' id='word_1_3' title='bbox 1362 740 1440 811; x_wconf 70' lang='lat'>203</span> 
     </span>
    </p>
   </div>
   <div class='ocr_carea' id='block_1_2' title="bbox 184 870 1314 4555">
    <p class='ocr_par' dir='ltr' id='par_1_2' title="bbox 184 870 1314 4555">
     <span class='ocr_line' id='line_1_2' title="bbox 209 870 1253 984; baseline -0.004 -24"><span class='ocrx_word' id='word_1_4' title='bbox 209 896 214 900; x_wconf 83' lang='grc'><strong>’</strong></span> <span class='ocrx_word' id='word_1_5' title='bbox 237 887 397 961; x_wconf 77' lang='lat' dir='ltr'>Munera.</span> <span class='ocrx_word' id='word_1_6' title='bbox 432 889 556 959; x_wconf 90' lang='lat' dir='ltr'>nullus</span> <span class='ocrx_word' id='word_1_7' title='bbox 575 913 678 960; x_wconf 89' lang='lat' dir='ltr'>amor</span> <span class='ocrx_word' id='word_1_8' title='bbox 696 890 867 984; x_wconf 85' lang='lat' dir='ltr'>populis,</span> <span class='ocrx_word' id='word_1_9' title='bbox 887 912 954 959; x_wconf 89' lang='lat' dir='ltr'>nec</span> <span class='ocrx_word' id='word_1_10' title='bbox 973 870 1118 959; x_wconf 81' lang='lat' dir='ltr'>foedera</span> <span class='ocrx_word' id='word_1_11' title='bbox 1136 889 1253 957; x_wconf 85' lang='lat' dir='ltr'>su&#39;nto.</span> 
     </span>
     <span class='ocr_line' id='line_1_3' title="bbox 237 1002 1057 1106; baseline -0.004 -30"><span class='ocrx_word' id='word_1_12' title='bbox 237 1004 404 1076; x_wconf 81' lang='lat' dir='ltr'>Exoriare</span> <span class='ocrx_word' id='word_1_13' title='bbox 421 1002 551 1106; x_wconf 81' lang='lat' dir='ltr'>aliquis</span> <span class='ocrx_word' id='word_1_14' title='bbox 570 1003 699 1075; x_wconf 85' lang='lat' dir='ltr'>nostris</span> <span class='ocrx_word' id='word_1_15' title='bbox 718 1027 763 1074; x_wconf 84' lang='lat' dir='ltr'>ex</span> <span class='ocrx_word' id='word_1_16' title='bbox 782 1003 922 1076; x_wconf 81' lang='lat' dir='ltr'>ossibus</span> <span class='ocrx_word' id='word_1_17' title='bbox 937 1006 1057 1090; x_wconf 86' lang='lat' dir='ltr'>ultor,</span> 
     </span>
     <span class='ocr_line' id='line_1_4' title="bbox 238 1114 1172 1225; baseline -0.001 -36"><span class='ocrx_word' id='word_1_18' title='bbox 238 1118 315 1225; x_wconf 76' lang='lat' dir='ltr'>Qui</span> <span class='ocrx_word' id='word_1_19' title='bbox 335 1115 411 1189; x_wconf 82' lang='lat' dir='ltr'>face</span> <span class='ocrx_word' id='word_1_20' title='bbox 430 1114 630 1190; x_wconf 81' lang='lat' dir='ltr'>Dardanios</span> <span class='ocrx_word' id='word_1_21' title='bbox 646 1116 812 1213; x_wconf 79' lang='lat' dir='ltr'>fe&#39;rro&#39;q&#39;ue</span> <span class='ocrx_word' id='word_1_22' title='bbox 832 1143 978 1213; x_wconf 90' lang='lat' dir='ltr'>sequare</span> <span class='ocrx_word' id='word_1_23' title='bbox 995 1119 1172 1206; x_wconf 86' lang='lat' dir='ltr'>colonos,</span> 
     </span>
     <span class='ocr_line' id='line_1_5' title="bbox 238 1230 1274 1328; baseline 0 -24"><span class='ocrx_word' id='word_1_24' title='bbox 238 1231 367 1322; x_wconf 83' lang='lat' dir='ltr'>Nunc,</span> <span class='ocrx_word' id='word_1_25' title='bbox 388 1232 500 1320; x_wconf 75' lang='lat' dir='ltr'>olim‚</span> <span class='ocrx_word' id='word_1_26' title='bbox 523 1255 759 1328; x_wconf 90' lang='lat' dir='ltr'>quocumque</span> <span class='ocrx_word' id='word_1_27' title='bbox 779 1230 919 1305; x_wconf 82' lang='lat' dir='ltr'>dabunt</span> <span class='ocrx_word' id='word_1_28' title='bbox 939 1258 975 1305; x_wconf 89' lang='lat' dir='ltr'>se</span> <span class='ocrx_word' id='word_1_29' title='bbox 992 1242 1156 1328; x_wconf 78' lang='lat' dir='ltr'>&#39;tempore</span> <span class='ocrx_word' id='word_1_30' title='bbox 1174 1232 1274 1304; x_wconf 72' lang='lat' dir='ltr'>vireu</span> 
     </span>
     <span class='ocr_line' id='line_1_6' title="bbox 240 1331 1162 1439; baseline -0.002 -18"><span class='ocrx_word' id='word_1_31' title='bbox 240 1346 361 1421; x_wconf 84' lang='lat' dir='ltr'>Litora</span> <span class='ocrx_word' id='word_1_32' title='bbox 380 1331 547 1418; x_wconf 89' lang='lat' dir='ltr'>litoribus</span> <span class='ocrx_word' id='word_1_33' title='bbox 565 1350 754 1439; x_wconf 85' lang='lat' dir='ltr'>contraria,</span> <span class='ocrx_word' id='word_1_34' title='bbox 777 1346 945 1421; x_wconf 83' lang='lat' dir='ltr'>fluctibus</span> <span class='ocrx_word' id='word_1_35' title='bbox 962 1347 1077 1419; x_wconf 83' lang='lat' dir='ltr'>undas</span> <span class='ocrx_word' id='word_1_36' title='bbox 1160 1347 1162 1352; x_wconf 67' lang='grc'>’</span> 
     </span>
     <span class='ocr_line' id='line_1_7' title="bbox 240 1460 1314 1562; baseline 0.001 -29"><span class='ocrx_word' id='word_1_37' title='bbox 240 1460 434 1559; x_wconf 83' lang='lat' dir='ltr'>inprecor,</span> <span class='ocrx_word' id='word_1_38' title='bbox 453 1485 552 1544; x_wconf 76' lang='lat' dir='ltr'>arma</span> <span class='ocrx_word' id='word_1_39' title='bbox 570 1465 679 1535; x_wconf 84' lang='lat' dir='ltr'>armis</span> <span class='ocrx_word' id='word_1_40' title='bbox 698 1492 706 1532; x_wconf 74' lang='grc' dir='ltr'><strong>ε</strong></span> <span class='ocrx_word' id='word_1_41' title='bbox 735 1475 899 1562; x_wconf 78' lang='lat' dir='ltr'>pugnent</span> <span class='ocrx_word' id='word_1_42' title='bbox 916 1464 1060 1557; x_wconf 91' lang='lat' dir='ltr'>lpslque</span> <span class='ocrx_word' id='word_1_43' title='bbox 1077 1480 1314 1556; x_wconf 72' lang='lat' dir='ltr'>nepotesquer</span> 
     </span>
     <span class='ocr_line' id='line_1_8' title="bbox 296 1565 1247 1673; baseline 0.002 -26"><span class='ocrx_word' id='word_1_44' title='bbox 296 1577 395 1650; x_wconf 89' lang='lat' dir='ltr'>Haec</span> <span class='ocrx_word' id='word_1_45' title='bbox 412 1565 482 1666; x_wconf 85' lang='lat' dir='ltr'>ait,</span> <span class='ocrx_word' id='word_1_46' title='bbox 505 1597 541 1649; x_wconf 80' lang='lat' dir='ltr'>et</span> <span class='ocrx_word' id='word_1_47' title='bbox 559 1578 668 1673; x_wconf 83' lang='lat' dir='ltr'>partis</span> <span class='ocrx_word' id='word_1_48' title='bbox 687 1578 851 1652; x_wconf 83' lang='lat' dir='ltr'>animum</span> <span class='ocrx_word' id='word_1_49' title='bbox 869 1574 1028 1650; x_wconf 81' lang='lat' dir='ltr'>versabat</span> <span class='ocrx_word' id='word_1_50' title='bbox 1046 1578 1247 1658; x_wconf 72' lang='lat' dir='ltr'>in&#39;omnis3</span> 
     </span>
     <span class='ocr_line' id='line_1_9' title="bbox 240 1677 1279 1792; baseline -0.001 -27"><span class='ocrx_word' id='word_1_51' title='bbox 240 1677 398 1766; x_wconf 75' lang='lat' dir='ltr'>invisam</span> <span class='ocrx_word' id='word_1_52' title='bbox 419 1716 591 1786; x_wconf 87' lang='lat' dir='ltr'>quaerens</span> <span class='ocrx_word' id='word_1_53' title='bbox 611 1694 899 1788; x_wconf 86' lang='lat' dir='ltr'>quamprimum</span> <span class='ocrx_word' id='word_1_54' title='bbox 919 1693 1130 1792; x_wconf 81' lang='lat' dir='ltr'>abrumpere</span> <span class='ocrx_word' id='word_1_55' title='bbox 1149 1692 1279 1764; x_wconf 87' lang='lat' dir='ltr'>lucem.</span> 
     </span>
     <span class='ocr_line' id='line_1_10' title="bbox 240 1804 1243 1902; baseline -0.002 -24"><span class='ocrx_word' id='word_1_56' title='bbox 240 1804 342 1879; x_wconf 89' lang='lat' dir='ltr'>Tum</span> <span class='ocrx_word' id='word_1_57' title='bbox 359 1806 507 1882; x_wconf 78' lang='lat' dir='ltr'>breviter</span> <span class='ocrx_word' id='word_1_58' title='bbox 526 1807 658 1879; x_wconf 83' lang='lat' dir='ltr'>Barcen</span> <span class='ocrx_word' id='word_1_59' title='bbox 676 1808 851 1881; x_wconf 79' lang='lat' dir='ltr'>nutricem</span> <span class='ocrx_word' id='word_1_60' title='bbox 871 1805 987 1879; x_wconf 84' lang='lat' dir='ltr'>adfata</span> <span class='ocrx_word' id='word_1_61' title='bbox 1004 1805 1150 1902; x_wconf 89' lang='lat' dir='ltr'>Sychaei</span> <span class='ocrx_word' id='word_1_62' title='bbox 1170 1825 1243 1878; x_wconf 80' lang='lat' dir='ltr'>estr</span> 
     </span>
     <span class='ocr_line' id='line_1_11' title="bbox 241 1919 1217 2019; baseline -0.003 -24"><span class='ocrx_word' id='word_1_63' title='bbox 241 1921 410 2017; x_wconf 82' lang='lat' dir='ltr'><strong>Namque</strong></span> <span class='ocrx_word' id='word_1_64' title='bbox 430 1937 532 1998; x_wconf 82' lang='lat' dir='ltr'>suam</span> <span class='ocrx_word' id='word_1_65' title='bbox 550 1919 663 2019; x_wconf 78' lang='lat' dir='ltr'>paln&#39;a</span> <span class='ocrx_word' id='word_1_66' title='bbox 674 1923 829 2018; x_wconf 76' lang='lat' dir='ltr'>,antiqua</span> <span class='ocrx_word' id='word_1_67' title='bbox 845 1921 934 1996; x_wconf 85' lang='lat' dir='ltr'>¹cinis</span> <span class='ocrx_word' id='word_1_68' title='bbox 951 1932 1023 1994; x_wconf 80' lang='lat' dir='ltr'>aiter</span> <span class='ocrx_word' id='word_1_69' title='bbox 1042 1920 1217 1993; x_wconf 78' lang='lat' dir='ltr'>habebat:</span> 
     </span>
     <span class='ocr_line' id='line_1_12' title="bbox 241 2027 1120 2138; baseline -0.006 -27"><span class='ocrx_word' id='word_1_70' title='bbox 241 2027 386 2111; x_wconf 74' lang='lat' dir='ltr'>Annam</span> <span class='ocrx_word' id='word_1_71' title='bbox 406 2063 481 2110; x_wconf 85' lang='lat' dir='ltr'>cara</span> <span class='ocrx_word' id='word_1_72' title='bbox 500 2030 590 2109; x_wconf 89' lang='lat' dir='ltr'>mihi</span> <span class='ocrx_word' id='word_1_73' title='bbox 610 2039 730 2138; x_wconf 84' lang='lat' dir='ltr'>nutrix</span> <span class='ocrx_word' id='word_1_74' title='bbox 745 2038 816 2110; x_wconf 88' lang='lat' dir='ltr'>huc</span> <span class='ocrx_word' id='word_1_75' title='bbox 836 2042 917 2112; x_wconf 85' lang='lat' dir='ltr'>siste</span> <span class='ocrx_word' id='word_1_76' title='bbox 937 2059 1120 2110; x_wconf 80' lang='lat' dir='ltr'>sororemr</span> 
     </span>
     <span class='ocr_line' id='line_1_13' title="bbox 243 2136 1170 2252; baseline -0.004 -27"><span class='ocrx_word' id='word_1_77' title='bbox 243 2152 313 2225; x_wconf 87' lang='lat' dir='ltr'>Dic</span> <span class='ocrx_word' id='word_1_78' title='bbox 333 2178 465 2248; x_wconf 85' lang='lat' dir='ltr'>corpus</span> <span class='ocrx_word' id='word_1_79' title='bbox 482 2166 650 2250; x_wconf 73' lang='lat' dir='ltr'>properet</span> <span class='ocrx_word' id='word_1_80' title='bbox 666 2136 802 2225; x_wconf 87' lang='lat' dir='ltr'>fluvlali</span> <span class='ocrx_word' id='word_1_81' title='bbox 821 2163 981 2252; x_wconf 69' lang='lat' dir='ltr'>spargere</span> <span class='ocrx_word' id='word_1_82' title='bbox 1000 2149 1170 2246; x_wconf 67' lang='lat' dir='ltr'>lymphu3</span> 
     </span>
     <span class='ocr_line' id='line_1_14' title="bbox 242 2246 1176 2365; baseline -0.005 -25"><span class='ocrx_word' id='word_1_83' title='bbox 242 2267 288 2341; x_wconf 87' lang='lat' dir='ltr'>Et</span> <span class='ocrx_word' id='word_1_84' title='bbox 306 2246 462 2365; x_wconf 85' lang='lat' dir='ltr'>pecudes</span> <span class='ocrx_word' id='word_1_85' title='bbox 482 2279 605 2342; x_wconf 82' lang='lat' dir='ltr'>secum</span> <span class='ocrx_word' id='word_1_86' title='bbox 624 2285 661 2341; x_wconf 79' lang='lat' dir='ltr'>et</span> <span class='ocrx_word' id='word_1_87' title='bbox 678 2271 874 2341; x_wconf 86' lang='lat' dir='ltr'>monstrata</span> <span class='ocrx_word' id='word_1_88' title='bbox 893 2270 1033 2364; x_wconf 88' lang='lat' dir='ltr'>piacula</span> <span class='ocrx_word' id='word_1_89' title='bbox 1052 2268 1176 2339; x_wconf 71' lang='lat' dir='ltr'>ducati</span> 
     </span>
     <span class='ocr_line' id='line_1_15' title="bbox 240 2382 1165 2482; baseline -0.003 -26"><span class='ocrx_word' id='word_1_90' title='bbox 240 2383 300 2456; x_wconf 86' lang='lat' dir='ltr'>sic</span> <span class='ocrx_word' id='word_1_91' title='bbox 315 2385 443 2456; x_wconf 82' lang='lat' dir='ltr'>veniat</span> <span class='ocrx_word' id='word_1_92' title='bbox 480 2402 594 2478; x_wconf 88' lang='lat' dir='ltr'>tuque</span> <span class='ocrx_word' id='word_1_93' title='bbox 612 2384 691 2479; x_wconf 84' lang='lat' dir='ltr'>ipsa</span> <span class='ocrx_word' id='word_1_94' title='bbox 710 2384 769 2478; x_wconf 89' lang='lat' dir='ltr'>pia</span> <span class='ocrx_word' id='word_1_95' title='bbox 789 2388 867 2482; x_wconf 83' lang='lat' dir='ltr'>lege</span> <span class='ocrx_word' id='word_1_96' title='bbox 886 2393 1051 2477; x_wconf 82' lang='lat' dir='ltr'>tempora</span> <span class='ocrx_word' id='word_1_97' title='bbox 1069 2382 1165 2454; x_wconf 85' lang='lat' dir='ltr'>vitta.</span> 
     </span>
     <span class='ocr_line' id='line_1_16' title="bbox 242 2495 1124 2598; baseline -0.005 -27"><span class='ocrx_word' id='word_1_98' title='bbox 242 2498 344 2572; x_wconf 83' lang='lat' dir='ltr'>Sac&#39;ra</span> <span class='ocrx_word' id='word_1_99' title='bbox 359 2499 443 2589; x_wconf 88' lang='lat' dir='ltr'>Jovi</span> <span class='ocrx_word' id='word_1_100' title='bbox 462 2495 604 2598; x_wconf 70' lang='lat' dir='ltr'>Stygio,</span> <span class='ocrx_word' id='word_1_101' title='bbox 627 2524 719 2593; x_wconf 81' lang='lat' dir='ltr'>quae</span> <span class='ocrx_word' id='word_1_102' title='bbox 739 2499 802 2570; x_wconf 86' lang='lat' dir='ltr'>rite</span> <span class='ocrx_word' id='word_1_103' title='bbox 822 2500 964 2594; x_wconf 84' lang='lat' dir='ltr'>incepta</span> <span class='ocrx_word' id='word_1_104' title='bbox 982 2497 1124 2593; x_wconf 70' lang='lat' dir='ltr'>paravi3</span> 
     </span>
     <span class='ocr_line' id='line_1_17' title="bbox 244 2594 1195 2709; baseline 0 -24"><span class='ocrx_word' id='word_1_105' title='bbox 244 2614 411 2687; x_wconf 86' lang='lat' dir='ltr'>Perficere</span> <span class='ocrx_word' id='word_1_106' title='bbox 431 2625 483 2686; x_wconf 90' lang='lat' dir='ltr'>est</span> <span class='ocrx_word' id='word_1_107' title='bbox 502 2594 665 2705; x_wconf 78' lang='lat' dir='ltr'>animus,</span> <span class='ocrx_word' id='word_1_108' title='bbox 684 2614 868 2707; x_wconf 84' lang='lat' dir='ltr'>finemque</span> <span class='ocrx_word' id='word_1_109' title='bbox 887 2615 1061 2709; x_wconf 81' lang='lat' dir='ltr'>inponere</span> <span class='ocrx_word' id='word_1_110' title='bbox 1081 2612 1195 2693; x_wconf 73' lang='lat' dir='ltr'>rurist</span> 
     </span>
     <span class='ocr_line' id='line_1_18' title="bbox 244 2719 1201 2829; baseline -0.002 -27"><span class='ocrx_word' id='word_1_111' title='bbox 244 2730 486 2823; x_wconf 87' lang='lat' dir='ltr'>Dardaniique</span> <span class='ocrx_word' id='word_1_112' title='bbox 506 2734 636 2829; x_wconf 85' lang='lat' dir='ltr'>rogum</span> <span class='ocrx_word' id='word_1_113' title='bbox 656 2719 782 2823; x_wconf 90' lang='lat' dir='ltr'>capitis</span> <span class='ocrx_word' id='word_1_114' title='bbox 799 2729 1002 2825; x_wconf 86' lang='lat' dir='ltr'>permittere</span> <span class='ocrx_word' id='word_1_115' title='bbox 1023 2720 1201 2829; x_wconf 79' lang='lat' dir='ltr'>flammae.</span> 
     </span>
     <span class='ocr_line' id='line_1_19' title="bbox 244 2833 1122 2948; baseline -0.006 -31"><span class='ocrx_word' id='word_1_116' title='bbox 244 2844 300 2919; x_wconf 87' lang='lat' dir='ltr'>Sic</span> <span class='ocrx_word' id='word_1_117' title='bbox 319 2847 367 2917; x_wconf 88' lang='lat' dir='ltr'>ait</span> <span class='ocrx_word' id='word_1_118' title='bbox 386 2855 393 2914; x_wconf 74' lang='lat' dir='ltr'>&#39;t</span> <span class='ocrx_word' id='word_1_119' title='bbox 423 2846 485 2917; x_wconf 81' lang='lat' dir='ltr'>illa</span> <span class='ocrx_word' id='word_1_120' title='bbox 502 2833 787 2944; x_wconf 79' lang='lat' dir='ltr'>gradumstudio</span> <span class='ocrx_word' id='word_1_121' title='bbox 807 2835 979 2945; x_wconf 84' lang='lat' dir='ltr'>celerabat</span> <span class='ocrx_word' id='word_1_122' title='bbox 997 2844 1093 2914; x_wconf 88' lang='lat' dir='ltr'>anili.</span> <span class='ocrx_word' id='word_1_123' title='bbox 1119 2939 1122 2948; x_wconf 30' lang='grc' dir='ltr'>Ι</span> 
     </span>
     <span class='ocr_line' id='line_1_20' title="bbox 245 2956 1178 3062; baseline -0.004 -30"><span class='ocrx_word' id='word_1_124' title='bbox 245 2961 292 3033; x_wconf 81' lang='lat' dir='ltr'>At</span> <span class='ocrx_word' id='word_1_125' title='bbox 310 2960 470 3054; x_wconf 82' lang='lat' dir='ltr'>trepida,</span> <span class='ocrx_word' id='word_1_126' title='bbox 493 2966 528 3031; x_wconf 76' lang='lat' dir='ltr'>e‘t</span> <span class='ocrx_word' id='word_1_127' title='bbox 548 2959 686 3053; x_wconf 79' lang='lat' dir='ltr'>coeptis</span> <span class='ocrx_word' id='word_1_128' title='bbox 706 2959 913 3062; x_wconf 83' lang='lat' dir='ltr'>inmanibus</span> <span class='ocrx_word' id='word_1_129' title='bbox 933 2957 1034 3029; x_wconf 83' lang='lat' dir='ltr'>effera</span> <span class='ocrx_word' id='word_1_130' title='bbox 1053 2956 1178 3046; x_wconf 62' lang='lat' dir='ltr'>Did05</span> 
     </span>
     <span class='ocr_line' id='line_1_21' title="bbox 244 3059 1245 3176; baseline -0.001 -28"><span class='ocrx_word' id='word_1_131' title='bbox 244 3073 481 3176; x_wconf 76' lang='lat' dir='ltr'>Sanguineam</span> <span class='ocrx_word' id='word_1_132' title='bbox 499 3075 650 3146; x_wconf 84' lang='lat' dir='ltr'>&#39;volvens</span> <span class='ocrx_word' id='word_1_133' title='bbox 669 3074 805 3163; x_wconf 88' lang='lat' dir='ltr'>aciem,</span> <span class='ocrx_word' id='word_1_134' title='bbox 824 3073 1046 3166; x_wconf 74' lang='lat' dir='ltr'>maculisque</span> <span class='ocrx_word' id='word_1_135' title='bbox 1062 3059 1245 3147; x_wconf 73' lang='lat' dir='ltr'>trementis</span> 
     </span>
     <span class='ocr_line' id='line_1_22' title="bbox 246 3183 1064 3292; baseline -0.004 -31"><span class='ocrx_word' id='word_1_136' title='bbox 246 3188 419 3263; x_wconf 79' lang='lat' dir='ltr'>interfusa</span> <span class='ocrx_word' id='word_1_137' title='bbox 438 3212 566 3292; x_wconf 84' lang='lat' dir='ltr'>genas,</span> <span class='ocrx_word' id='word_1_138' title='bbox 586 3207 622 3261; x_wconf 88' lang='lat' dir='ltr'>et</span> <span class='ocrx_word' id='word_1_139' title='bbox 641 3187 775 3283; x_wconf 87' lang='lat' dir='ltr'>pallida</span> <span class='ocrx_word' id='word_1_140' title='bbox 794 3190 910 3260; x_wconf 83' lang='lat' dir='ltr'>rnorte</span> <span class='ocrx_word' id='word_1_141' title='bbox 928 3183 1064 3277; x_wconf 86' lang='lat' dir='ltr'>futura,</span> 
     </span>
     <span class='ocr_line' id='line_1_23' title="bbox 247 3303 1093 3397; baseline 0.001 -21"><span class='ocrx_word' id='word_1_142' title='bbox 247 3305 416 3379; x_wconf 81' lang='lat' dir='ltr'>Interiora</span> <span class='ocrx_word' id='word_1_143' title='bbox 435 3305 568 3376; x_wconf 88' lang='lat' dir='ltr'>domus</span> <span class='ocrx_word' id='word_1_144' title='bbox 587 3303 763 3397; x_wconf 78' lang='lat' dir='ltr'>inrumpit</span> <span class='ocrx_word' id='word_1_145' title='bbox 780 3304 926 3394; x_wconf 83' lang='lat' dir='ltr'>limina,</span> <span class='ocrx_word' id='word_1_146' title='bbox 949 3314 984 3375; x_wconf 85' lang='lat' dir='ltr'>et</span> <span class='ocrx_word' id='word_1_147' title='bbox 1000 3304 1093 3377; x_wconf 82' lang='lat' dir='ltr'>altos</span> 
     </span>
     <span class='ocr_line' id='line_1_24' title="bbox 247 3402 1212 3525; baseline 0.001 -34"><span class='ocrx_word' id='word_1_148' title='bbox 247 3419 469 3525; x_wconf 81' lang='lat' dir='ltr'>Conscendit</span> <span class='ocrx_word' id='word_1_149' title='bbox 486 3415 681 3491; x_wconf 81' lang='lat' dir='ltr'>furibunda</span> <span class='ocrx_word' id='word_1_150' title='bbox 699 3433 824 3518; x_wconf 81' lang='lat' dir='ltr'>rogos,</span> <span class='ocrx_word' id='word_1_151' title='bbox 848 3424 1043 3513; x_wconf 78' lang='lat' dir='ltr'>ensemque</span> <span class='ocrx_word' id='word_1_152' title='bbox 1060 3402 1212 3493; x_wconf 82' lang='lat' dir='ltr'>recludit</span> 
     </span>
     <span class='ocr_line' id='line_1_25' title="bbox 247 3532 1217 3629; baseline 0 -22"><span class='ocrx_word' id='word_1_153' title='bbox 247 3532 493 3625; x_wconf 79' lang='lat' dir='ltr'>Dardanium,</span> <span class='ocrx_word' id='word_1_154' title='bbox 516 3547 592 3607; x_wconf 82' lang='lat' dir='ltr'>non</span> <span class='ocrx_word' id='word_1_155' title='bbox 609 3535 678 3607; x_wconf 87' lang='lat' dir='ltr'>hos</span> <span class='ocrx_word' id='word_1_156' title='bbox 695 3534 897 3629; x_wconf 81' lang='lat' dir='ltr'>quaesitum</span> <span class='ocrx_word' id='word_1_157' title='bbox 914 3548 1049 3606; x_wconf 79' lang='lat' dir='ltr'>munus</span> <span class='ocrx_word' id='word_1_158' title='bbox 1067 3534 1105 3604; x_wconf 90' lang='lat' dir='ltr'>in</span> <span class='ocrx_word' id='word_1_159' title='bbox 1123 3558 1217 3607; x_wconf 70' lang='lat' dir='ltr'>usus.</span> 
     </span>
     <span class='ocr_line' id='line_1_26' title="bbox 247 3646 1191 3746; baseline -0.003 -23"><span class='ocrx_word' id='word_1_160' title='bbox 247 3646 341 3743; x_wconf 85' lang='lat' dir='ltr'>llic,</span> <span class='ocrx_word' id='word_1_161' title='bbox 362 3665 559 3746; x_wconf 76' lang='lat' dir='ltr'>postquam</span> <span class='ocrx_word' id='word_1_162' title='bbox 580 3650 705 3722; x_wconf 74' lang='lat' dir='ltr'>Iliacas</span> <span class='ocrx_word' id='word_1_163' title='bbox 724 3652 830 3723; x_wconf 76' lang='lat' dir='ltr'>vestis</span> <span class='ocrx_word' id='word_1_164' title='bbox 847 3669 1052 3745; x_wconf 89' lang='lat' dir='ltr'>notumque</span> <span class='ocrx_word' id='word_1_165' title='bbox 1073 3647 1191 3720; x_wconf 85' lang='lat' dir='ltr'>cubile</span> 
     </span>
     <span class='ocr_line' id='line_1_27' title="bbox 249 3765 1205 3861; baseline -0.001 -24"><span class='ocrx_word' id='word_1_166' title='bbox 249 3765 471 3861; x_wconf 86' lang='lat' dir='ltr'>Conspexit,</span> <span class='ocrx_word' id='word_1_167' title='bbox 494 3767 660 3860; x_wconf 90' lang='lat' dir='ltr'>paullum</span> <span class='ocrx_word' id='word_1_168' title='bbox 679 3767 833 3840; x_wconf 80' lang='lat' dir='ltr'>lacrimis</span> <span class='ocrx_word' id='word_1_169' title='bbox 851 3784 886 3837; x_wconf 93' lang='lat' dir='ltr'>et</span> <span class='ocrx_word' id='word_1_170' title='bbox 905 3774 1026 3838; x_wconf 78' lang='lat' dir='ltr'>mente</span> <span class='ocrx_word' id='word_1_171' title='bbox 1046 3782 1205 3856; x_wconf 83' lang='lat' dir='ltr'>morata,</span> 
     </span>
     <span class='ocr_line' id='line_1_28' title="bbox 248 3863 1158 3976; baseline -0.004 -23"><span class='ocrx_word' id='word_1_172' title='bbox 248 3875 490 3975; x_wconf 82' lang='lat' dir='ltr'>Incubuitque</span> <span class='ocrx_word' id='word_1_173' title='bbox 509 3895 613 3971; x_wconf 80' lang='lat' dir='ltr'>toro,</span> <span class='ocrx_word' id='word_1_174' title='bbox 636 3863 800 3976; x_wconf 76' lang='lat' dir='ltr'>dixitque</span> <span class='ocrx_word' id='word_1_175' title='bbox 819 3867 1013 3954; x_wconf 85' lang='lat' dir='ltr'>novissima</span> <span class='ocrx_word' id='word_1_176' title='bbox 1030 3877 1158 3952; x_wconf 83' lang='lat' dir='ltr'>verba:</span> 
     </span>
     <span class='ocr_line' id='line_1_29' title="bbox 196 3981 1206 4089; baseline 0 -21"><span class='ocrx_word' id='word_1_177' title='bbox 196 3984 199 3988; x_wconf 37' lang='lat'><em>¹</em></span> <span class='ocrx_word' id='word_1_178' title='bbox 305 3990 437 4083; x_wconf 76' lang='lat' dir='ltr'>Dulces</span> <span class='ocrx_word' id='word_1_179' title='bbox 457 3998 625 4086; x_wconf 82' lang='lat' dir='ltr'>exuviae,</span> <span class='ocrx_word' id='word_1_180' title='bbox 647 3983 738 4067; x_wconf 83' lang='lat' dir='ltr'>dum</span> <span class='ocrx_word' id='word_1_181' title='bbox 757 3995 849 4087; x_wconf 84' lang='lat' dir='ltr'>fata,</span> <span class='ocrx_word' id='word_1_182' title='bbox 869 3981 1029 4089; x_wconf 85' lang='lat' dir='ltr'>deusque</span> <span class='ocrx_word' id='word_1_183' title='bbox 1049 3984 1206 4086; x_wconf 80' lang='lat' dir='ltr'>sinebat,</span> 
     </span>
     <span class='ocr_line' id='line_1_30' title="bbox 184 4097 1256 4208; baseline 0.001 -25"><span class='ocrx_word' id='word_1_184' title='bbox 184 4098 187 4104; x_wconf 36' lang='lat'>¹</span> <span class='ocrx_word' id='word_1_185' title='bbox 249 4105 417 4208; x_wconf 79' lang='lat' dir='ltr'>Adcipite</span> <span class='ocrx_word' id='word_1_186' title='bbox 433 4104 524 4185; x_wconf 87' lang='lat' dir='ltr'>hanc</span> <span class='ocrx_word' id='word_1_187' title='bbox 541 4114 720 4202; x_wconf 86' lang='lat' dir='ltr'>animam,</span> <span class='ocrx_word' id='word_1_188' title='bbox 738 4125 873 4207; x_wconf 84' lang='lat' dir='ltr'>meque</span> <span class='ocrx_word' id='word_1_189' title='bbox 889 4097 944 4183; x_wconf 81' lang='lat' dir='ltr'>his</span> <span class='ocrx_word' id='word_1_190' title='bbox 964 4107 1136 4185; x_wconf 81' lang='lat' dir='ltr'>exsolvite</span> <span class='ocrx_word' id='word_1_191' title='bbox 1158 4112 1256 4184; x_wconf 80' lang='lat' dir='ltr'>turis.</span> 
     </span>
     <span class='ocr_line' id='line_1_31' title="bbox 249 4215 1240 4326; baseline -0.005 -26"><span class='ocrx_word' id='word_1_192' title='bbox 249 4225 357 4318; x_wconf 82' lang='lat' dir='ltr'>Vixi,</span> <span class='ocrx_word' id='word_1_193' title='bbox 380 4247 437 4318; x_wconf 85' lang='lat' dir='ltr'>et,</span> <span class='ocrx_word' id='word_1_194' title='bbox 462 4238 574 4322; x_wconf 83' lang='lat' dir='ltr'>quern</span> <span class='ocrx_word' id='word_1_195' title='bbox 593 4217 737 4300; x_wconf 79' lang='lat' dir='ltr'>dederat</span> <span class='ocrx_word' id='word_1_196' title='bbox 753 4237 895 4301; x_wconf 83' lang='lat' dir='ltr'>cursum</span> <span class='ocrx_word' id='word_1_197' title='bbox 913 4215 1075 4318; x_wconf 86' lang='lat' dir='ltr'>fortuna,</span> <span class='ocrx_word' id='word_1_198' title='bbox 1098 4219 1240 4326; x_wconf 74' lang='lat' dir='ltr'>peregit</span> 
     </span>
     <span class='ocr_line' id='line_1_32' title="bbox 248 4335 1100 4443; baseline -0.001 -27"><span class='ocrx_word' id='word_1_199' title='bbox 248 4342 294 4416; x_wconf 85' lang='lat' dir='ltr'>Et</span> <span class='ocrx_word' id='word_1_200' title='bbox 313 4359 410 4415; x_wconf 88' lang='lat' dir='ltr'>nunc</span> <span class='ocrx_word' id='word_1_201' title='bbox 428 4365 558 4443; x_wconf 85' lang='lat' dir='ltr'>magna</span> <span class='ocrx_word' id='word_1_202' title='bbox 576 4339 650 4413; x_wconf 90' lang='lat' dir='ltr'>mei</span> <span class='ocrx_word' id='word_1_203' title='bbox 670 4336 739 4416; x_wconf 85' lang='lat' dir='ltr'>sub</span> <span class='ocrx_word' id='word_1_204' title='bbox 758 4360 863 4414; x_wconf 83' lang='lat' dir='ltr'>terras</span> <span class='ocrx_word' id='word_1_205' title='bbox 882 4335 950 4415; x_wconf 88' lang='lat' dir='ltr'>ibit</span> <span class='ocrx_word' id='word_1_206' title='bbox 970 4343 1100 4443; x_wconf 86' lang='lat' dir='ltr'>imago.</span> 
     </span>
     <span class='ocr_line' id='line_1_33' title="bbox 248 4450 1163 4555; baseline -0.001 -26"><span class='ocrx_word' id='word_1_207' title='bbox 248 4455 384 4529; x_wconf 87' lang='lat' dir='ltr'>Urbem</span> <span class='ocrx_word' id='word_1_208' title='bbox 405 4461 620 4555; x_wconf 79' lang='lat' dir='ltr'>praeclaram</span> <span class='ocrx_word' id='word_1_209' title='bbox 641 4458 745 4531; x_wconf 86' lang='lat' dir='ltr'>statui</span> <span class='ocrx_word' id='word_1_210' title='bbox 767 4485 775 4525; x_wconf 74' lang='grc' dir='ltr'><strong>ι</strong></span> <span class='ocrx_word' id='word_1_211' title='bbox 803 4475 884 4530; x_wconf 84' lang='lat' dir='ltr'>mea</span> <span class='ocrx_word' id='word_1_212' title='bbox 904 4458 1051 4529; x_wconf 86' lang='lat' dir='ltr'>moenia</span> <span class='ocrx_word' id='word_1_213' title='bbox 1067 4450 1163 4531; x_wconf 84' lang='lat' dir='ltr'>vidi:</span> 
     </span>
    </p>
   </div>
   <div class='ocr_carea' id='block_1_3' title="bbox 249 4569 1193 4761">
    <p class='ocr_par' dir='ltr' id='par_1_3' title="bbox 249 4569 1193 4761">
     <span class='ocr_line' id='line_1_34' title="bbox 249 4569 1169 4677; baseline 0.002 -30"><span class='ocrx_word' id='word_1_214' title='bbox 249 4569 333 4647; x_wconf 79' lang='lat' dir='ltr'>Ulta</span> <span class='ocrx_word' id='word_1_215' title='bbox 352 4574 492 4666; x_wconf 87' lang='lat' dir='ltr'>virum,</span> <span class='ocrx_word' id='word_1_216' title='bbox 515 4595 653 4671; x_wconf 82' lang='lat' dir='ltr'>poenas</span> <span class='ocrx_word' id='word_1_217' title='bbox 672 4569 822 4646; x_wconf 85' lang='lat' dir='ltr'>inimico</span> <span class='ocrx_word' id='word_1_218' title='bbox 841 4598 862 4677; x_wconf 72' lang='lat' dir='ltr'>a</span> <span class='ocrx_word' id='word_1_219' title='bbox 878 4572 980 4645; x_wconf 80' lang='lat' dir='ltr'>fratre</span> <span class='ocrx_word' id='word_1_220' title='bbox 996 4575 1114 4668; x_wconf 85' lang='lat' dir='ltr'>recepi</span> <span class='ocrx_word' id='word_1_221' title='bbox 1130 4603 1139 4650; x_wconf 73' lang='lat' dir='ltr'>t</span> <span class='ocrx_word' id='word_1_222' title='bbox 1167 4609 1169 4614; x_wconf 96' lang='lat'>·</span> 
     </span>
     <span class='ocr_line' id='line_1_35' title="bbox 1075 4688 1193 4761; baseline 0.034 -3"><span class='ocrx_word' id='word_1_223' title='bbox 1075 4688 1140 4761; x_wconf 90' lang='lat' dir='ltr'>Cc</span> <span class='ocrx_word' id='word_1_224' title='bbox 1174 4712 1193 4761; x_wconf 72' lang='lat' dir='ltr'>n</span> 
     </span>
    </p>
   </div>
   <div class='ocr_carea' id='block_1_4' title="bbox 0 0 1900 6212">
    <p class='ocr_par' dir='ltr' id='par_1_4' title="bbox 0 0 1900 6212">
     <span class='ocr_line' id='line_1_36' title="bbox 0 0 1900 6212; baseline 0 0"><span class='ocrx_word' id='word_1_225' title='bbox 0 0 1900 6212; x_wconf 95' lang='lat' dir='ltr'> </span> 
     </span>
    </p>
   </div>
  </div>
 </body>
</html>
