3750 6217
419 760 1271 864 orouol0coN1.v.325.
1392 783 1443 858 51

219 992 223 1020 ,
238 933 286 1009 Et
302 929 429 1031 pluvia
445 932 583 1030 ingenti
602 938 675 1005 sata
693 932 783 1004 laeta
798 930 988 1025 boumque
1007 931 1147 1002 labores

237 1049 383 1123 Diluit:
410 1049 598 1144 inplentur
620 1044 760 1136 fossae,
782 1065 818 1118 et
837 1071 921 1119 cava
944 1045 1094 1118 flumina
1114 1065 1275 1122 crescunt

237 1166 335 1245 Cum
357 1165 502 1252 sonitu,
523 1161 707 1256 fervetque
726 1160 823 1234 fretis
843 1159 1058 1256 spirantibus
1079 1185 1223 1255 aequor.

237 1281 322 1376 lpse
341 1280 465 1368 Pater,
486 1275 608 1348 media
624 1275 836 1348 nimborum
855 1277 894 1345 in
915 1296 1039 1365 nocte,
1064 1301 1207 1349 corusca

234 1393 409 1466 Fulmina
423 1393 575 1464 molitur
593 1391 714 1462 dextra
741 1419 749 1459 ι
780 1415 855 1484 quo
874 1415 1047 1461 maxuma
1065 1409 1171 1462 motu

236 1508 345 1581 Terra
368 1508 515 1581 tremit:
544 1505 663 1605 fugere
682 1504 802 1577 ferae:
832 1523 867 1576 et
889 1506 1055 1577 mortalia
1078 1505 1185 1577 corde

236 1625 304 1697 Per
323 1641 445 1724 gentes
470 1621 617 1696 humilis
644 1621 762 1692 stravit
785 1644 926 1714 pavor:
956 1621 1018 1689 ille
1038 1618 1196 1718 flagranti

235 1739 310 1814 Aut
329 1738 449 1826 Atho,
472 1754 534 1808 aut
559 1734 793 1829 Rhodopen,
814 1752 876 1805 aut
894 1735 965 1805 alta
983 1732 1157 1805 Ceraunia
1177 1736 1251 1807 telo

235 1854 368 1955 Dejicit
398 1882 405 1921 :
436 1850 661 1949 ingeminant
678 1848 826 1938 Austri,
849 1866 884 1920 et
903 1847 1138 1921 densissimus
1157 1850 1294 1922 imber:

236 1969 345 2041 Nunc
365 1990 512 2039 nemora
533 1960 671 2063 ingenti
692 1984 825 2053 vento,
847 1987 945 2034 nuuc
968 1965 1072 2035 litora
1095 1965 1280 2064 plangunt.
1331 2024 1334 2037 .

183 2151 185 2157 .
234 2085 318 2158 Hoc
338 2080 533 2187 metuens,
551 2079 645 2153 coeli
666 2103 809 2153 menses
829 2096 864 2150 et
879 2076 995 2166 sidera
1013 2103 1128 2159 server

236 2198 378 2298 Frigida
395 2196 535 2270 Saturni
553 2221 628 2269 sese
647 2220 723 2290 quo
743 2194 844 2267 stella
863 2209 1039 2287 receptet,

236 2314 344 2420 Quos
368 2312 462 2412 ignis
481 2314 585 2388 coelo
607 2307 796 2406 Cyllenius
817 2327 904 2380 erret
925 2308 965 2378 iu
987 2308 1093 2382 orbis.

236 2428 428 2525 Inprimis
446 2449 609 2500 venerare
632 2424 747 2515 deos,
772 2443 880 2519 atque
903 2447 1023 2494 annua
1045 2447 1196 2524 magnae

236 2541 336 2616 Sacra
355 2541 444 2616 refer
463 2541 603 2632 Cereri,
629 2542 731 2614 laetis
752 2559 919 2635 operatus
937 2540 978 2610 in
997 2539 1140 2631 herbis,

238 2658 424 2731 Extremae
447 2658 515 2732 sub
535 2679 661 2731 casum
683 2654 837 2750 hiemis,
850 2657 927 2753 jam
946 2680 1027 2727 vere
1048 2650 1182 2727 sereno.
1231 2656 1234 2663 '

175 2864 178 2869 Ι
237 2770 338 2845 Tum
358 2772 513 2873 pingues
535 2773 645 2872 agni,
672 2789 709 2843 et
730 2788 813 2842 tum
833 2769 1050 2843 mollissima
1068 2771 1175 2842 vina:

237 2886 339 2959 Tum
363 2887 485 2961 somni
508 2888 656 2977 dulces,
683 2887 886 2979 densaeque
907 2886 947 2956 iu
966 2885 1154 2958 montibus
1173 2882 1331 2959 umbrae

238 3001 379 3074 Cuncta
397 3000 466 3075 tibi
484 2989 649 3075 Cererem
667 3001 786 3097 pubes
805 3001 949 3099 agrestis
969 2999 1100 3072 adoret.

238 3115 345 3223 Quoi
362 3133 403 3188 tu
423 3118 514 3187 lacte
536 3116 637 3189 favos
657 3134 693 3188 et
709 3117 792 3188 miti
810 3115 909 3187 dilue
930 3115 1089 3187 Baccho:

237 3231 386 3325 Terque
407 3254 520 3302 novas
543 3232 677 3304 circum
696 3229 785 3304 felix
806 3249 862 3303 eat
880 3231 998 3303 hostia
1015 3228 1151 3327 fmges;

242 3345 380 3418 Omnis
398 3368 510 3441 quam
531 3347 661 3420 chorus
686 3369 723 3420 et
746 3348 836 3420 socii
862 3347 1080 3419 comitentur
1100 3365 1275 3433 ovantes}

241 3459 291 3533 Et
310 3459 473 3534 Cererem
494 3463 653 3534 clamore
671 3481 805 3537 vocent
824 3463 862 3532 in
882 3480 972 3534 tecta
989 3448 1144 3555 :neque
1164 3480 1247 3535 ante

237 3572 268 3646 F
269 3576 382 3649 alcem
400 3578 552 3652 maturis
571 3578 769 3673 quisquam
789 3584 973 3673 supponat
988 3578 1118 3669 aristis,
1187 3631 1196 3647 .

236 3689 362 3798 Quam
382 3691 499 3764 Cereri
522 3713 616 3766 torta
632 3693 823 3766 redimitus
841 3714 1006 3789 tempora
1028 3717 1163 3787 quercu

236 3803 310 3880 Det
328 3828 453 3881 motus
474 3809 756 3903 inconpositos,
784 3827 819 3881 et
842 3810 998 3882 carmina
1017 3808 1122 3881 dicat.

192 3924 197 3939 '
237 3920 359 4016 Atque
378 3924 464 3994 haec
487 3942 529 3996 ut
545 3924 648 3996 certis
664 3946 856 4018 possemus
874 3926 1006 3997 discere
1027 3923 1153 4022 signis,

236 4035 462 4141 Aestusque,
486 4039 724 4134 pluviasque,
747 4058 783 4111 et
801 4041 938 4139 agentis
958 4040 1085 4140 frigora
1102 4057 1249 4120 ventos:

239 4150 328 4247 lpse
349 4151 451 4225 Pater
468 4152 611 4244 statuit,
640 4155 732 4250 quid
748 4174 931 4228 menstrua
952 4158 1035 4226 luna
1054 4171 1237 4227 moneretz

237 4264 330 4372 Quo
351 4266 454 4366 signo
478 4268 643 4342 caderent
660 4268 781 4343 Austri
804 4298 813 4340 ε
833 4270 923 4365 quid
943 4295 1049 4365 saepe
1067 4268 1228 4344 videntes

239 4379 448 4481 Agricolae,
468 4387 621 4481 propius
642 4385 790 4463 stabulis
807 4405 965 4458 armenta
985 4403 1154 4458 tenerent

299 4496 486 4572 Continuo
505 4502 621 4573 ventis
639 4500 892 4600 surgentibus,
919 4520 982 4574 aut
999 4499 1085 4573 freta
1103 4498 1211 4595 ponti

239 4609 427 4710 Incipiunt
448 4615 575 4715 agitata
598 4635 822 4705 tumescere,
854 4635 889 4688 et
906 4616 1025 4690 aridus
1045 4615 1127 4689 altis

501 4750 518 4773 ·
1099 4727 1135 4800 G
1167 4750 1188 4802 r
