3750 6217
792 722 1090 800 NOTAE
1469 748 1549 816 en

396 906 462 984 97.
493 883 585 960 Sunt
602 904 639 961 et
655 882 862 961 Aminneae.
899 893 974 962 Vide
993 892 1188 985 Hesychiurn
1211 893 1243 961 in
1266 889 1443 980 Antoniou,
1467 890 1551 960 unde

335 1006 491 1080 constabit
510 1005 549 1075 de
569 1007 696 1076 sincera
714 1006 808 1105 hujus
823 1008 958 1076 nominis
979 1009 1144 1104 scriptura.

401 1121 490 1194 128.
520 1120 634 1218 Hujus
652 1147 762 1191 versus
777 1147 793 1190 e
809 1123 933 1213 regione
949 1121 1110 1192 adleverat
1130 1122 1203 1195 olim
1218 1123 1250 1191 in
1270 1121 1413 1215 margine
1431 1121 1548 1191 Graue*

332 1239 469 1310 metitus
492 1259 618 1308 versum
640 1236 713 1305 libri
729 1237 803 1309 111.
830 1236 920 1324 283.

480 1349 777 1442 Miscueruntque
796 1348 921 1420 herbas
939 1366 973 1419 et
993 1374 1070 1420 non
1088 1350 1237 1421 innoxia
1257 1350 1373 1421 verba.

334 1469 392 1566 qui
402 1467 567 1565 postmodo
586 1465 647 1535 huc
667 1468 807 1535 intrusus
825 1462 925 1561 suit,
949 1491 1024 1535 sane
1045 1490 1139 1561 quam
1165 1463 1347 1565 importune.
1388 1466 1443 1536 lbi
1468 1468 1551 1536 enim

323 1580 424 1682 sacta
440 1584 595 1652 mentione
617 1582 685 1669 rei,
708 1606 803 1677 quam
823 1581 868 1650 ad
884 1605 1027 1651 amorum
1047 1583 1221 1674 veneficia,
1244 1606 1304 1651 non
1327 1584 1394 1650 sine
1414 1582 1551 1674 magicis

333 1697 598 1767 incantationibus
604 1700 689 1790 fieri
709 1697 826 1783 solita,
853 1695 1012 1766 veteribus
1033 1696 1205 1766 adhibitam
1220 1694 1325 1792 fuisse
1349 1716 1490 1785 constat,
1516 1715 1552 1766 nt

334 1836 351 1885 e
371 1812 532 1881 Theocriti
544 1812 810 1882 Pharmacentria
826 1831 857 1881 et
870 1811 931 1880 IV.
950 1812 1106 1881 Aeneidos
1123 1829 1252 1898 notum,
1279 1836 1429 1881 novercas
1447 1813 1550 1881 innuit

334 1926 434 1997 Poi'ta
441 1926 665 2024 privignorum
684 1927 827 2026 cupidine
845 1923 1078 2017 inflammatas,
1096 1927 1197 2021 qualis
1201 1922 1425 2020 ficitPhaedra
1437 1928 1553 1996 Thesei

334 2065 425 2114 uxor.
469 2043 513 2111 At
537 2041 587 2112 hic
616 2042 655 2112 do
683 2044 826 2112 novercis
857 2042 994 2133 agitur,
1031 2067 1111 2137 quae
1134 2043 1384 2139 praevlgnorurn
1405 2038 1549 2135 fortunis

334 2156 518 2245 inhiantes,
545 2182 596 2227 eos
620 2182 738 2228 veneno
758 2159 943 2255 perimunt,
971 2158 1130 2255 conplioris
1145 2159 1333 2255 patrimonii
1356 2157 1462 2226 l‘heris
1482 2156 1550 2224 suis

334 2272 526 2342 conciliandi
545 2296 685 2341 caussa:
708 2276 761 2341 cui
779 2275 882 2366 utique
901 2273 949 2340 rei
965 2275 1130 2342 noxiorum
1151 2273 1337 2359 verborum,
1360 2297 1415 2340 seu
1431 2272 1552 2363 magici

334 2389 488 2458 carminis
508 2385 613 2455 nullus
630 2404 678 2454 est
698 2410 782 2454 usus.
828 2386 999 2453 Praeterea
1018 2384 1187 2453 verisimile
1206 2411 1266 2454 non
1292 2403 1339 2453 est
1361 2386 1392 2453 in
1412 2385 1550 2454 absoluto

326 2501 507 2605 poimate,
543 2524 636 2592 eoque
665 2523 726 2567 non
752 2498 922 2567 admodum
944 2499 1099 2596 prolixo,
1134 2499 1299 2592 Virgilium
1329 2498 1375 2567 his
1406 2499 1550 2570 cumdem

332 2640 461 2689 versum
482 2616 549 2685 sine
575 2614 640 2684 ulla
661 2615 836 2685 variatione
857 2613 1045 2683 adhibuisse.

398 2750 488 2815 152.
508 2728 638 2821 Neque
658 2747 773 2799 tant0.
804 2728 881 2799 Non
898 2726 949 2798 hle
967 2747 1064 2821 negat
1083 2729 1182 2799 Poi'ta
1204 2728 1282 2798 ullos
1305 2754 1370 2799 esse
1393 2731 1425 2799 in
1448 2730 1550 2799 Italia

333 2870 480 2938 angues:
500 2846 558 2914 sed
582 2846 637 2939 qui
660 2844 705 2912 ihi
726 2845 943 2942 reperiantur,
971 2863 1120 2913 nontam
1141 2868 1301 2936 magnos,
1326 2844 1462 2943 proinde
1486 2869 1548 2913 non

333 2980 401 3034 tam
425 2959 620 3046 horrendos,
649 2983 743 3052 quam
765 2961 798 3027 in
826 2961 907 3029 Asia
929 2984 995 3028 esse
1017 2961 1072 3028 ait.
1113 2960 1260 3029 Modicos
1283 2960 1369 3029 orles
1391 2961 1473 3057 rapit
1487 2985 1552 3057 per

333 3076 488 3163 humum,
508 3099 566 3145 nec
586 3093 651 3143 tam
668 3098 785 3166 magno
802 3092 906 3142 tractu
926 3099 959 3143 se
980 3073 1100 3165 colligit
1120 3075 1153 3144 in
1175 3076 1295 3172 spiram
1314 3076 1438 3165 anguis.
1470 3074 1547 3143 Non

332 3193 413 3262 satis
433 3213 563 3258 caussae
579 3213 644 3258 esse
659 3189 811 3287 adparet,
834 3214 893 3261 cur
908 3188 1168 3261 soliciteturhaec
1184 3190 1284 3260 lectio.
1335 3184 1455 3285 Confer
1471 3189 1546 3260 111.

334 3326 429 3395 μα

396 3439 487 3510 311.
506 3415 722 3512 Caesaeque.
753 3421 872 3492 Melius
892 3421 1050 3515 legeretur
1061 3443 1249 3508 caesaeve,
1273 3414 1357 3516 quod
1370 3421 1407 3489 ab
1420 3420 1547 3512 Hepnio

333 3537 471 3607 monitus
487 3537 656 3639 reposuisse
671 3535 791 3607 vellem.
819 3537 1004 3607 Particuloe
1021 3560 1111 3630 que,
1126 3561 1189 3626 ve,
1204 3560 1250 3605 ne
1262 3537 1386 3634 passim
1406 3539 1439 3605 iu
1460 3535 1547 3604 lilris

332 3649 491 3748 mmm

396 3787 488 3855 504.
503 3766 730 3862 Misetosque
746 3766 898 3838 Penatis.
916 3767 994 3837 Post
1007 3785 1074 3836 octo
1094 3767 1271 3865 interjectos
1285 3788 1393 3833 versus
1410 3764 1548 3831 occscrrit

332 3905 444 3954 rursus
465 3879 605 3950 clausula
625 3906 828 3974 pawosque
854 3881 996 3951 Penatis
1020 3883 1053 3949 in
1077 3904 1191 3967 versu,
1214 3879 1304 3976 cujus
1317 3872 1433 3974 procul
1453 3876 1547 3946 delio

333 3998 491 4066 sinceram
518 3994 680 4063 lectionem
706 3997 860 4067 dedimus.
913 3997 957 4066 ln
985 3995 1037 4065 illo
1062 3994 1229 4080 Penatis,
1260 3994 1384 4062 etiamsi
1410 3994 1547 4089 impense

326 4109 494 4209 placeret,
519 4132 536 4177 e
557 4108 703 4178 Mediceo
731 4112 895 4181 adsumere
920 4136 981 4181 non
1005 4111 1154 4181 sustinuit
1175 4109 1357 4195 Heinsius,
1382 4109 1457 4207 qnia
1485 4134 1548 4179 vox

331 4224 445 4295 eadem
463 4224 573 4322 paullo
597 4241 669 4292 ante
683 4244 909 4322 praecesserat.
954 4225 1049 4340 Quae
1077 4227 1156 4296 roti'o
1168 4221 1278 4321 sutilis
1302 4243 1357 4294 est.
1398 4224 1489 4293 Nam
1515 4225 1548 4292 in

336 4338 469 4432 Virgilio
488 4338 589 4408 multo
606 4338 795 4432 corrigenda
814 4357 934 4429 essent,
950 4343 981 4410 si
993 4366 1164 4438 numquam
1184 4342 1214 4411 ei
1229 4342 1367 4411 licuisset
1382 4340 1439 4409 toli
1450 4340 1546 4407 inter·

333 4453 1617 4528 vfflfflmmfflmmmmfflfflmmmmm·

332 4569 439 4638 nunus
452 4567 502 4639 hle
512 4570 643 4669 placent
655 4572 765 4641 maeri
780 4570 942 4657 Penatcss
956 4572 1126 4678 vellemque
1145 4570 1245 4647 coclers
1258 4569 1416 4644 obtulisset
1434 4566 1548 4663 aliqua

332 4680 558 4784 miserosque
570 4686 738 4787 patentis,
