<?xml version="1.0" encoding="UTF-8"?>
<!DOCTYPE html PUBLIC "-//W3C//DTD XHTML 1.0 Transitional//EN"
    "http://www.w3.org/TR/xhtml1/DTD/xhtml1-transitional.dtd">
<html xmlns="http://www.w3.org/1999/xhtml" xml:lang="en" lang="en">
 <head>
  <title>
</title>
<meta http-equiv="Content-Type" content="text/html;charset=utf-8" />
  <meta name='ocr-system' content='tesseract 3.04.00' />
  <meta name='ocr-capabilities' content='ocr_page ocr_carea ocr_par ocr_line ocrx_word'/>
</head>
<body>
  <div class='ocr_page' id='page_1' title='image "./publiivirgiliim00brungoog_0247.png"; bbox 0 0 3750 6217; ppageno 0'>
   <div class='ocr_carea' id='block_1_1' title="bbox 389 703 1380 851">
    <p class='ocr_par' dir='ltr' id='par_1_1' title="bbox 389 703 1380 851">
     <span class='ocr_line' id='line_1_1' title="bbox 389 703 1380 851; baseline -0.011 -18"><span class='ocrx_word' id='word_1_1' title='bbox 389 703 465 851; x_wconf 56' lang='lat' dir='ltr'><strong>ui</strong></span> <span class='ocrx_word' id='word_1_2' title='bbox 588 740 1380 841; x_wconf 54' lang='lat' dir='ltr'><strong>lanuinosv.rs½</strong></span> 
     </span>
    </p>
   </div>
   <div class='ocr_carea' id='block_1_2' title="bbox 386 911 1479 3098">
    <p class='ocr_par' dir='ltr' id='par_1_2' title="bbox 386 911 1419 1119">
     <span class='ocr_line' id='line_1_2' title="bbox 387 911 1419 1018; baseline -0.006 -26"><span class='ocrx_word' id='word_1_3' title='bbox 387 922 580 1016; x_wconf 82' lang='lat' dir='ltr'>Nusquam</span> <span class='ocrx_word' id='word_1_4' title='bbox 605 922 818 1010; x_wconf 85' lang='lat' dir='ltr'><strong>amittebat,</strong></span> <span class='ocrx_word' id='word_1_5' title='bbox 849 920 1050 1011; x_wconf 88' lang='lat' dir='ltr'><strong>oculosque</strong></span> <span class='ocrx_word' id='word_1_6' title='bbox 1072 917 1248 1018; x_wconf 22' lang='lat' dir='ltr'><strong>subuastra</strong></span> <span class='ocrx_word' id='word_1_7' title='bbox 1268 911 1419 986; x_wconf 84' lang='lat' dir='ltr'><strong>tenebat.</strong></span> 
     </span>
     <span class='ocr_line' id='line_1_3' title="bbox 386 1033 1266 1119; baseline -0.008 -11"><span class='ocrx_word' id='word_1_8' title='bbox 386 1037 477 1109; x_wconf 87' lang='lat' dir='ltr'><strong>Ecce</strong></span> <span class='ocrx_word' id='word_1_9' title='bbox 497 1037 587 1107; x_wconf 83' lang='lat' dir='ltr'><strong>deus</strong></span> <span class='ocrx_word' id='word_1_10' title='bbox 601 1061 743 1107; x_wconf 85' lang='lat' dir='ltr'><strong>ramum</strong></span> <span class='ocrx_word' id='word_1_11' title='bbox 763 1036 919 1107; x_wconf 85' lang='lat' dir='ltr'><strong>Lethaeo</strong></span> <span class='ocrx_word' id='word_1_12' title='bbox 941 1059 1017 1105; x_wconf 86' lang='lat' dir='ltr'><strong>rore</strong></span> <span class='ocrx_word' id='word_1_13' title='bbox 1038 1033 1266 1119; x_wconf 85' lang='lat' dir='ltr'>madentem,</span> 
     </span>
    </p>

    <p class='ocr_par' dir='ltr' id='par_1_3' title="bbox 388 1139 1355 1477">
     <span class='ocr_line' id='line_1_4' title="bbox 388 1139 1347 1250; baseline -0.003 -29"><span class='ocrx_word' id='word_1_14' title='bbox 388 1151 512 1246; x_wconf 91' lang='lat' dir='ltr'><strong>Vique</strong></span> <span class='ocrx_word' id='word_1_15' title='bbox 535 1139 747 1244; x_wconf 84' lang='lat' dir='ltr'><strong>soporatum</strong></span> <span class='ocrx_word' id='word_1_16' title='bbox 767 1150 886 1250; x_wconf 83' lang='lat' dir='ltr'><strong>Stygia</strong></span> <span class='ocrx_word' id='word_1_17' title='bbox 909 1175 1015 1245; x_wconf 88' lang='lat' dir='ltr'><strong>super</strong></span> <span class='ocrx_word' id='word_1_18' title='bbox 1033 1167 1181 1241; x_wconf 86' lang='lat' dir='ltr'><strong>utraque</strong></span> <span class='ocrx_word' id='word_1_19' title='bbox 1205 1164 1347 1239; x_wconf 80' lang='lat' dir='ltr'>quassat</span> 
     </span>
     <span class='ocr_line' id='line_1_5' title="bbox 389 1255 1355 1361; baseline -0.002 -25"><span class='ocrx_word' id='word_1_20' title='bbox 389 1268 598 1361; x_wconf 81' lang='lat' dir='ltr'>Tempora,</span> <span class='ocrx_word' id='word_1_21' title='bbox 626 1269 880 1358; x_wconf 84' lang='lat' dir='ltr'><strong>cunctantique</strong></span> <span class='ocrx_word' id='word_1_22' title='bbox 902 1266 1060 1337; x_wconf 84' lang='lat' dir='ltr'><strong>natantia</strong></span> <span class='ocrx_word' id='word_1_23' title='bbox 1080 1255 1218 1336; x_wconf 90' lang='lat' dir='ltr'><strong>lumina</strong></span> <span class='ocrx_word' id='word_1_24' title='bbox 1238 1260 1355 1335; x_wconf 85' lang='lat' dir='ltr'><strong>solvit.</strong></span> 
     </span>
     <span class='ocr_line' id='line_1_6' title="bbox 388 1382 1244 1477; baseline 0.002 -22"><span class='ocrx_word' id='word_1_25' title='bbox 388 1382 465 1455; x_wconf 85' lang='lat' dir='ltr'><strong>Vix</strong></span> <span class='ocrx_word' id='word_1_26' title='bbox 482 1382 622 1476; x_wconf 87' lang='lat' dir='ltr'><strong>primos</strong></span> <span class='ocrx_word' id='word_1_27' title='bbox 638 1382 791 1477; x_wconf 85' lang='lat' dir='ltr'><strong>inopina</strong></span> <span class='ocrx_word' id='word_1_28' title='bbox 812 1382 914 1475; x_wconf 90' lang='lat' dir='ltr'><strong>quies</strong></span> <span class='ocrx_word' id='word_1_29' title='bbox 935 1383 1110 1452; x_wconf 83' lang='lat' dir='ltr'><strong>laxaverat</strong></span> <span class='ocrx_word' id='word_1_30' title='bbox 1128 1399 1220 1451; x_wconf 84' lang='lat' dir='ltr'><strong>artus</strong></span> <span class='ocrx_word' id='word_1_31' title='bbox 1236 1409 1244 1457; x_wconf 87' lang='grc'><strong>;</strong></span> 
     </span>
    </p>

    <p class='ocr_par' dir='ltr' id='par_1_4' title="bbox 389 1495 1479 2980">
     <span class='ocr_line' id='line_1_7' title="bbox 390 1495 1398 1591; baseline -0.004 -23"><span class='ocrx_word' id='word_1_32' title='bbox 390 1497 436 1568; x_wconf 86' lang='lat' dir='ltr'><strong>Et</strong></span> <span class='ocrx_word' id='word_1_33' title='bbox 456 1522 562 1590; x_wconf 91' lang='lat' dir='ltr'><strong>super</strong></span> <span class='ocrx_word' id='word_1_34' title='bbox 582 1497 823 1586; x_wconf 83' lang='lat' dir='ltr'><strong>incumbens,</strong></span> <span class='ocrx_word' id='word_1_35' title='bbox 847 1521 930 1568; x_wconf 91' lang='lat' dir='ltr'><strong>curn</strong></span> <span class='ocrx_word' id='word_1_36' title='bbox 955 1496 1093 1591; x_wconf 90' lang='lat' dir='ltr'><strong>puppis</strong></span> <span class='ocrx_word' id='word_1_37' title='bbox 1117 1515 1215 1590; x_wconf 82' lang='lat' dir='ltr'><strong>parte</strong></span> <span class='ocrx_word' id='word_1_38' title='bbox 1236 1495 1398 1584; x_wconf 89' lang='lat' dir='ltr'><strong>revolsa,</strong></span> 
     </span>
     <span class='ocr_line' id='line_1_8' title="bbox 390 1609 1351 1710; baseline 0 -29"><span class='ocrx_word' id='word_1_39' title='bbox 390 1612 562 1704; x_wconf 84' lang='lat' dir='ltr'>Cumque</span> <span class='ocrx_word' id='word_1_40' title='bbox 583 1612 799 1710; x_wconf 84' lang='lat' dir='ltr'>gubernaclo</span> <span class='ocrx_word' id='word_1_41' title='bbox 824 1612 979 1706; x_wconf 86' lang='lat' dir='ltr'><strong>liquidas</strong></span> <span class='ocrx_word' id='word_1_42' title='bbox 1001 1612 1153 1709; x_wconf 85' lang='lat' dir='ltr'><strong>projecit</strong></span> <span class='ocrx_word' id='word_1_43' title='bbox 1175 1614 1212 1682; x_wconf 94' lang='lat' dir='ltr'><strong>in</strong></span> <span class='ocrx_word' id='word_1_44' title='bbox 1235 1609 1351 1681; x_wconf 87' lang='lat' dir='ltr'><strong>undas</strong></span> 
     </span>
     <span class='ocr_line' id='line_1_9' title="bbox 391 1727 1479 1822; baseline -0.003 -24"><span class='ocrx_word' id='word_1_45' title='bbox 391 1727 650 1821; x_wconf 84' lang='lat' dir='ltr'><strong>Praecipitem,</strong></span> <span class='ocrx_word' id='word_1_46' title='bbox 672 1751 712 1798; x_wconf 89' lang='lat' dir='ltr'><strong>ac</strong></span> <span class='ocrx_word' id='word_1_47' title='bbox 737 1729 855 1801; x_wconf 90' lang='lat' dir='ltr'><strong>socios</strong></span> <span class='ocrx_word' id='word_1_48' title='bbox 878 1727 1127 1820; x_wconf 86' lang='lat' dir='ltr'><strong>nequidquam</strong></span> <span class='ocrx_word' id='word_1_49' title='bbox 1155 1751 1260 1822; x_wconf 87' lang='lat' dir='ltr'><strong>saepe</strong></span> <span class='ocrx_word' id='word_1_50' title='bbox 1279 1743 1479 1797; x_wconf 88' lang='lat' dir='ltr'><strong>vocantem.</strong></span> 
     </span>
     <span class='ocr_line' id='line_1_10' title="bbox 391 1843 1292 1936; baseline 0.002 -26"><span class='ocrx_word' id='word_1_51' title='bbox 391 1845 477 1936; x_wconf 88' lang='lat' dir='ltr'><strong>lpse</strong></span> <span class='ocrx_word' id='word_1_52' title='bbox 500 1845 628 1914; x_wconf 91' lang='lat' dir='ltr'><strong>volans</strong></span> <span class='ocrx_word' id='word_1_53' title='bbox 650 1844 769 1915; x_wconf 90' lang='lat' dir='ltr'><strong>tenuis</strong></span> <span class='ocrx_word' id='word_1_54' title='bbox 792 1869 828 1915; x_wconf 87' lang='lat' dir='ltr'><strong>se</strong></span> <span class='ocrx_word' id='word_1_55' title='bbox 852 1843 997 1916; x_wconf 88' lang='lat' dir='ltr'><strong>sustulit</strong></span> <span class='ocrx_word' id='word_1_56' title='bbox 1019 1845 1091 1914; x_wconf 86' lang='lat' dir='ltr'><strong>ales</strong></span> <span class='ocrx_word' id='word_1_57' title='bbox 1115 1843 1160 1912; x_wconf 83' lang='lat' dir='ltr'><strong>ad</strong></span> <span class='ocrx_word' id='word_1_58' title='bbox 1183 1867 1292 1914; x_wconf 84' lang='lat' dir='ltr'><strong>auras.</strong></span> 
     </span>
     <span class='ocr_line' id='line_1_11' title="bbox 391 1957 1295 2053; baseline 0.002 -24"><span class='ocrx_word' id='word_1_59' title='bbox 391 1957 510 2029; x_wconf 85' lang='lat' dir='ltr'><strong>Currit</strong></span> <span class='ocrx_word' id='word_1_60' title='bbox 526 1957 589 2028; x_wconf 86' lang='lat' dir='ltr'><strong>iter</strong></span> <span class='ocrx_word' id='word_1_61' title='bbox 609 1976 730 2029; x_wconf 91' lang='lat' dir='ltr'><strong>tutum</strong></span> <span class='ocrx_word' id='word_1_62' title='bbox 751 1983 828 2029; x_wconf 90' lang='lat' dir='ltr'><strong>non</strong></span> <span class='ocrx_word' id='word_1_63' title='bbox 848 1961 961 2031; x_wconf 88' lang='lat' dir='ltr'><strong>secius</strong></span> <span class='ocrx_word' id='word_1_64' title='bbox 981 1984 1136 2053; x_wconf 89' lang='lat' dir='ltr'><strong>aequore</strong></span> <span class='ocrx_word' id='word_1_65' title='bbox 1152 1959 1295 2047; x_wconf 89' lang='lat' dir='ltr'><strong>classis,</strong></span> 
     </span>
     <span class='ocr_line' id='line_1_12' title="bbox 393 2071 1277 2168; baseline 0 -24"><span class='ocrx_word' id='word_1_66' title='bbox 393 2071 656 2165; x_wconf 89' lang='lat' dir='ltr'><strong>Promissisque</strong></span> <span class='ocrx_word' id='word_1_67' title='bbox 676 2074 784 2167; x_wconf 87' lang='lat' dir='ltr'><strong>patris</strong></span> <span class='ocrx_word' id='word_1_68' title='bbox 804 2074 967 2168; x_wconf 91' lang='lat' dir='ltr'><strong>Neptuni</strong></span> <span class='ocrx_word' id='word_1_69' title='bbox 985 2075 1139 2146; x_wconf 85' lang='lat' dir='ltr'><strong>interrita</strong></span> <span class='ocrx_word' id='word_1_70' title='bbox 1162 2074 1277 2145; x_wconf 83' lang='lat' dir='ltr'><strong>fertur.</strong></span> 
     </span>
     <span class='ocr_line' id='line_1_13' title="bbox 389 2175 1382 2283; baseline 0.002 -25"><span class='ocrx_word' id='word_1_71' title='bbox 389 2189 545 2279; x_wconf 89' lang='lat' dir='ltr'><strong>Jamque</strong></span> <span class='ocrx_word' id='word_1_72' title='bbox 562 2188 652 2259; x_wconf 87' lang='lat' dir='ltr'><strong>adeo</strong></span> <span class='ocrx_word' id='word_1_73' title='bbox 675 2191 847 2283; x_wconf 88' lang='lat' dir='ltr'><strong>scopulos</strong></span> <span class='ocrx_word' id='word_1_74' title='bbox 867 2175 1033 2260; x_wconf 82' lang='lat' dir='ltr'><strong>Sirenum</strong></span> <span class='ocrx_word' id='word_1_75' title='bbox 1055 2190 1200 2261; x_wconf 88' lang='lat' dir='ltr'><strong>advecta</strong></span> <span class='ocrx_word' id='word_1_76' title='bbox 1222 2189 1382 2277; x_wconf 89' lang='lat' dir='ltr'><strong>subibat,</strong></span> 
     </span>
     <span class='ocr_line' id='line_1_14' title="bbox 392 2299 1404 2397; baseline 0.004 -24"><span class='ocrx_word' id='word_1_77' title='bbox 392 2302 557 2374; x_wconf 82' lang='lat' dir='ltr'><strong>Difficilis</strong></span> <span class='ocrx_word' id='word_1_78' title='bbox 576 2304 786 2396; x_wconf 88' lang='lat' dir='ltr'><strong>quondam,</strong></span> <span class='ocrx_word' id='word_1_79' title='bbox 808 2306 1084 2397; x_wconf 86' lang='lat' dir='ltr'><strong>multorumque</strong></span> <span class='ocrx_word' id='word_1_80' title='bbox 1110 2306 1250 2378; x_wconf 87' lang='lat' dir='ltr'><strong>ossibus</strong></span> <span class='ocrx_word' id='word_1_81' title='bbox 1271 2299 1404 2385; x_wconf 83' lang='lat' dir='ltr'><strong>albos;</strong></span> 
     </span>
     <span class='ocr_line' id='line_1_15' title="bbox 393 2405 1354 2518; baseline -0.002 -29"><span class='ocrx_word' id='word_1_82' title='bbox 393 2405 493 2490; x_wconf 89' lang='lat' dir='ltr'><strong>Tum</strong></span> <span class='ocrx_word' id='word_1_83' title='bbox 515 2438 616 2489; x_wconf 80' lang='lat' dir='ltr'><strong>rauca</strong></span> <span class='ocrx_word' id='word_1_84' title='bbox 642 2419 794 2490; x_wconf 88' lang='lat' dir='ltr'><strong>adsiduo</strong></span> <span class='ocrx_word' id='word_1_85' title='bbox 823 2422 931 2518; x_wconf 80' lang='lat' dir='ltr'><strong>longe</strong></span> <span class='ocrx_word' id='word_1_86' title='bbox 958 2422 1030 2492; x_wconf 88' lang='lat' dir='ltr'><strong>sale</strong></span> <span class='ocrx_word' id='word_1_87' title='bbox 1055 2445 1136 2493; x_wconf 82' lang='lat' dir='ltr'><strong>saxa</strong></span> <span class='ocrx_word' id='word_1_88' title='bbox 1160 2420 1354 2492; x_wconf 86' lang='lat' dir='ltr'><strong>sonabant:</strong></span> 
     </span>
     <span class='ocr_line' id='line_1_16' title="bbox 394 2532 1330 2640; baseline 0.002 -37"><span class='ocrx_word' id='word_1_89' title='bbox 394 2532 524 2640; x_wconf 82' lang='lat' dir='ltr'><strong>Quom</strong></span> <span class='ocrx_word' id='word_1_90' title='bbox 545 2552 645 2628; x_wconf 85' lang='lat' dir='ltr'><strong>pater</strong></span> <span class='ocrx_word' id='word_1_91' title='bbox 663 2536 796 2607; x_wconf 88' lang='lat' dir='ltr'><strong>amisso</strong></span> <span class='ocrx_word' id='word_1_92' title='bbox 815 2534 1017 2607; x_wconf 86' lang='lat' dir='ltr'><strong>fluitantem</strong></span> <span class='ocrx_word' id='word_1_93' title='bbox 1037 2561 1143 2607; x_wconf 88' lang='lat' dir='ltr'><strong>errare</strong></span> <span class='ocrx_word' id='word_1_94' title='bbox 1160 2536 1330 2634; x_wconf 85' lang='lat' dir='ltr'><strong>magistro</strong></span> 
     </span>
     <span class='ocr_line' id='line_1_17' title="bbox 393 2645 1341 2745; baseline 0.003 -25"><span class='ocrx_word' id='word_1_95' title='bbox 393 2645 536 2739; x_wconf 86' lang='lat' dir='ltr'><strong>Sensit,</strong></span> <span class='ocrx_word' id='word_1_96' title='bbox 565 2665 599 2720; x_wconf 91' lang='lat' dir='ltr'><strong>et</strong></span> <span class='ocrx_word' id='word_1_97' title='bbox 620 2650 698 2745; x_wconf 89' lang='lat' dir='ltr'><strong>ipse</strong></span> <span class='ocrx_word' id='word_1_98' title='bbox 712 2668 824 2722; x_wconf 86' lang='lat' dir='ltr'><strong>ratem</strong></span> <span class='ocrx_word' id='word_1_99' title='bbox 846 2651 1029 2723; x_wconf 88' lang='lat' dir='ltr'><strong>nocturnis</strong></span> <span class='ocrx_word' id='word_1_100' title='bbox 1048 2651 1138 2723; x_wconf 88' lang='lat' dir='ltr'><strong>rexit</strong></span> <span class='ocrx_word' id='word_1_101' title='bbox 1153 2652 1192 2721; x_wconf 91' lang='lat' dir='ltr'><strong>in</strong></span> <span class='ocrx_word' id='word_1_102' title='bbox 1213 2652 1341 2741; x_wconf 84' lang='lat' dir='ltr'><strong>undis,</strong></span> 
     </span>
     <span class='ocr_line' id='line_1_18' title="bbox 392 2763 1426 2862; baseline 0.004 -28"><span class='ocrx_word' id='word_1_103' title='bbox 392 2763 509 2834; x_wconf 82' lang='lat' dir='ltr'><strong>Multa</strong></span> <span class='ocrx_word' id='word_1_104' title='bbox 531 2789 701 2862; x_wconf 87' lang='lat' dir='ltr'><strong>gemens,</strong></span> <span class='ocrx_word' id='word_1_105' title='bbox 726 2789 880 2860; x_wconf 86' lang='lat' dir='ltr'><strong>casuque</strong></span> <span class='ocrx_word' id='word_1_106' title='bbox 904 2767 1069 2838; x_wconf 89' lang='lat' dir='ltr'><strong>animum</strong></span> <span class='ocrx_word' id='word_1_107' title='bbox 1090 2783 1285 2841; x_wconf 84' lang='lat' dir='ltr'><strong>concussus</strong></span> <span class='ocrx_word' id='word_1_108' title='bbox 1309 2765 1426 2840; x_wconf 85' lang='lat' dir='ltr'><strong>amici.</strong></span> 
     </span>
     <span class='ocr_line' id='line_1_19' title="bbox 393 2865 1266 2980; baseline 0.008 -32"><span class='ocrx_word' id='word_1_109' title='bbox 393 2879 431 2949; x_wconf 90' lang='grc' dir='ltr'>Ο</span> <span class='ocrx_word' id='word_1_110' title='bbox 454 2880 612 2951; x_wconf 92' lang='lat' dir='ltr'><strong>nimium</strong></span> <span class='ocrx_word' id='word_1_111' title='bbox 637 2865 749 2952; x_wconf 80' lang='lat' dir='ltr'><strong>coelo¹</strong></span> <span class='ocrx_word' id='word_1_112' title='bbox 762 2901 797 2953; x_wconf 90' lang='lat' dir='ltr'><strong>et</strong></span> <span class='ocrx_word' id='word_1_113' title='bbox 817 2883 946 2980; x_wconf 86' lang='lat' dir='ltr'><strong>pelago</strong></span> <span class='ocrx_word' id='word_1_114' title='bbox 968 2881 1102 2953; x_wconf 87' lang='lat' dir='ltr'><strong>confise</strong></span> <span class='ocrx_word' id='word_1_115' title='bbox 1124 2907 1266 2973; x_wconf 89' lang='lat' dir='ltr'><strong>sereno,</strong></span> 
     </span>
    </p>

    <p class='ocr_par' dir='ltr' id='par_1_5' title="bbox 394 2991 1254 3098">
     <span class='ocr_line' id='line_1_20' title="bbox 394 2991 1254 3098; baseline 0.006 -32"><span class='ocrx_word' id='word_1_116' title='bbox 394 2991 525 3069; x_wconf 83' lang='lat' dir='ltr'><strong>Nudus</strong></span> <span class='ocrx_word' id='word_1_117' title='bbox 547 2997 585 3065; x_wconf 93' lang='lat' dir='ltr'><strong>in</strong></span> <span class='ocrx_word' id='word_1_118' title='bbox 607 2996 754 3098; x_wconf 82' lang='lat' dir='ltr'><strong>ignota,</strong></span> <span class='ocrx_word' id='word_1_119' title='bbox 782 2997 968 3089; x_wconf 85' lang='lat' dir='ltr'><strong>Palinure,</strong></span> <span class='ocrx_word' id='word_1_120' title='bbox 987 2996 1122 3097; x_wconf 84' lang='lat' dir='ltr'><strong>jacebis</strong></span> <span class='ocrx_word' id='word_1_121' title='bbox 1142 3023 1254 3072; x_wconf 69' lang='lat' dir='ltr'><strong>mena.</strong></span> 
     </span>
    </p>
   </div>
   <div class='ocr_carea' id='block_1_3' title="bbox 0 0 1897 6212">
    <p class='ocr_par' dir='ltr' id='par_1_6' title="bbox 0 0 1897 6212">
     <span class='ocr_line' id='line_1_21' title="bbox 0 0 1897 6212; baseline 0 0"><span class='ocrx_word' id='word_1_122' title='bbox 0 0 1897 6212; x_wconf 95' lang='lat' dir='ltr'><strong> </strong></span> 
     </span>
    </p>
   </div>
  </div>
 </body>
</html>
