3750 6217
279 730 458 858 stes,
538 725 987 804 autumnos
1043 727 1154 800 xrr.
1212 751 1247 801 v.
1297 750 1391 825 ⁵24·

282 969 286 982 .
354 897 456 976 Dant
477 900 641 974 sonitum
662 896 827 996 spumosi
852 916 1001 986 amnes,
1028 912 1064 968 et
1086 895 1126 967 in
1149 918 1307 991 aequora
1327 913 1497 994 currunt,
1571 923 1574 928 ·
1615 952 1619 960 .

290 1043 294 1062 ·
356 1016 525 1124 Quisque
545 1041 653 1092 suurn
667 1014 868 1109 populatus
888 1012 979 1084 iter:
1007 1034 1087 1086 non
1107 1012 1252 1114 segnius
1270 1012 1383 1087 ambo

357 1133 497 1206 Aeneas
516 1131 736 1226 Turnusque
753 1145 865 1203 ruunt
883 1153 949 1225 per
967 1128 1107 1225 proelia
1125 1158 1134 1200 ε
1163 1153 1284 1222 nunc,
1304 1153 1404 1206 nunc

357 1249 387 1321 1²
389 1252 526 1322 luctuat
545 1250 593 1320 ira
612 1250 708 1337 intus
729 1275 737 1317 ι
765 1263 983 1342 rumpuntur
1001 1246 1121 1320 nescia
1137 1246 1235 1320 vinci

285 1384 291 1392 ·
358 1365 534 1438 Pectora:
564 1388 663 1436 nunc
681 1364 769 1438 totis
787 1363 827 1434 in
844 1363 992 1436 volnera
1011 1362 1148 1437 viribus
1171 1364 1250 1436 itur.

357 1480 597 1553 Murrhanum
613 1480 728 1571 hicc',
752 1499 874 1554 atavos
892 1498 928 1552 et
947 1505 1098 1553 avorum
1117 1481 1268 1575 antiqua
1286 1500 1480 1556 sonantem

357 1597 542 1687 Nomina,
567 1622 632 1692 per
649 1621 820 1696 regesque
840 1615 964 1670 actum
982 1621 1096 1699 genus
1118 1621 1231 1670 omne
1250 1596 1418 1689 Latinos,

357 1712 596 1809 Praecipitem
617 1715 771 1809 scopulo
793 1732 903 1808 atque
923 1713 1078 1813 ingentis
1095 1714 1238 1786 turbine
1256 1713 1330 1787 saxi

358 1828 523 1921 Excutit,
548 1828 772 1925 effunditque
792 1832 873 1903 solo
899 1859 907 1901 ι
936 1830 1033 1903 hunc
1050 1831 1126 1903 lora
1146 1851 1182 1904 et
1195 1834 1283 1931 juga
1303 1829 1423 1905 subter

358 1944 577 2018 Provolvere
595 1965 694 2020 rotae
716 1974 726 2018 r
754 1946 877 2020 crebro
897 1971 1005 2043 super
1018 1950 1155 2046 ungula
1171 1948 1283 2044 pulsu

359 2061 479 2134 Incita
496 2087 562 2135 nec
581 2062 726 2135 domini
746 2087 956 2136 memorum
977 2066 1162 2158 proculcat
1182 2086 1374 2159 equorum.

359 2175 433 2248 Ille
452 2180 568 2249 ruenti
586 2179 724 2273 Hyllo,
746 2178 950 2272 animisque
970 2180 1119 2253 inmane
1138 2180 1328 2270 frementi,

360 2292 548 2384 Occurrit,
574 2295 766 2389 telumque
787 2313 907 2366 aurata
926 2294 973 2367 ad
991 2312 1158 2393 tempora
1175 2312 1340 2392 torquet:

361 2408 441 2481 Olli
461 2433 526 2503 per
546 2412 684 2509 galeam
704 2410 779 2482 lixo
800 2410 897 2483 stetit
912 2411 1012 2485 hasta
1031 2412 1185 2485 cerebro.

360 2521 517 2597 Dextera
535 2549 602 2596 nec
621 2543 684 2596 tua
701 2543 757 2615 te,
779 2525 931 2599 Graium
949 2527 1143 2601 fortissime
1161 2526 1337 2619 Cretheu,

361 2638 506 2734 Eripuit
525 2638 654 2723 Turno
677 2668 686 2709 ι
714 2663 782 2714 nec
803 2640 854 2712 dii
873 2660 992 2716 texere
1012 2640 1254 2731 Cupencum,

361 2751 486 2827 Aenea
503 2756 690 2845 veniente,
712 2756 767 2828 sui
782 2784 791 2834 ;
812 2752 914 2826 dedit
934 2750 1041 2825 obvia
1058 2751 1148 2824 feno

362 2870 514 2942 Pectora
535 2899 544 2940 r
574 2895 641 2943 nec
660 2870 793 2942 misero
814 2870 921 2966 clipei
942 2893 1045 2941 mora
1062 2868 1202 2965 profuit
1218 2871 1319 2943 aerei.

362 2985 420 3057 Te
439 3012 589 3083 quoque
606 2986 797 3060 Laurentes
816 2985 1006 3078 viderunt,
1028 2983 1144 3058 Aeole
1161 3040 1172 3078 ,
1191 2987 1314 3084 campi

362 3102 576 3198 Oppetete,
600 3121 635 3176 et
652 3105 722 3176 late
740 3121 868 3177 terram
887 3120 1111 3177 consternere
1126 3118 1226 3203 tergo
1240 3133 1249 3183 ;

276 3215 289 3232 ‘
363 3221 532 3314 Occidis,
554 3220 703 3321 Argivae
724 3245 836 3315 quem
856 3244 934 3291 non
950 3238 1099 3316 potuere
1119 3220 1315 3318 phalanges

364 3336 544 3427 Sternere,
566 3362 633 3408 nec
651 3337 783 3408 Priami
802 3361 998 3436 regnorum
1020 3359 1158 3408 eversor
1173 3334 1349 3416 Achillesr

364 3447 436 3523 Hic
456 3452 524 3523 tibi
539 3453 666 3524 mortis
685 3471 782 3524 erant
800 3473 917 3525 metae
940 3482 947 3523 :
978 3452 1112 3525 domus
1133 3455 1203 3524 alta
1223 3451 1289 3526 sub
1311 3451 1403 3534 Idas

364 3566 533 3663 Lyrnessi
553 3567 687 3641 domus
706 3571 801 3657 alta,
827 3571 907 3640 solo
929 3568 1103 3642 Laurente
1123 3571 1338 3664 sepulcrum.

366 3683 485 3757 Totae
504 3685 595 3757 adeo
617 3711 806 3757 conversae
826 3685 946 3775 acies,
973 3710 1176 3779 omnesque
1197 3685 1339 3775 Latini,

365 3801 509 3874 Omnes
525 3801 750 3874 Dardanidae
774 3832 781 3871 :
812 3802 1040 3893 Mnestheus,
1062 3826 1214 3895 acerque
1231 3799 1409 3893 SerestuS,

366 3916 414 3990 Et
433 3917 619 4013 Messapus
637 3916 774 4013 equdm
795 3919 976 4009 domitor,
998 3938 1033 3990 et
1052 3918 1152 3991 fortis
1168 3918 1315 4013 AsylaS,

367 4032 648 4129 Tuscorumque
665 4035 839 4129 phalanx,
865 4035 1097 4127 Euandrique
1117 4031 1270 4107 Arcades
1290 4038 1383 4127 alae,

367 4146 438 4219 Pro
461 4174 497 4220 se
519 4151 672 4243 quisque
687 4152 752 4221 viri
772 4176 914 4224 summa
934 4152 1097 4224 nituntur
1121 4176 1238 4246 opum
1257 4153 1304 4224 vi.

367 4261 446 4335 Nec
466 4289 591 4354 mora,
615 4290 682 4336 nec
700 4268 839 4360 requies
866 4295 873 4336 :
903 4287 1002 4338 vasto
1026 4269 1218 4340 certamine
1235 4269 1399 4341 tendunt.

427 4374 497 4451 Hic
517 4399 680 4453 mentem
699 4380 840 4454 Aeneae
859 4384 1019 4481 genetrix
1037 4384 1277 4480 pulcherrima
1296 4385 1422 4478 misit,

368 4497 441 4568 Iret
459 4516 499 4569 ut
518 4497 564 4568 ad
581 4524 726 4588 muros,
746 4500 899 4595 urbique
918 4501 1112 4575 adverteret
1129 4526 1261 4602 agmen

368 4613 505 4707 Ocius,
527 4634 562 4687 et
582 4616 698 4690 subita
717 4616 868 4691 turbaret
889 4618 989 4691 clade
1008 4618 1169 4694 Latinos.
