3750 6217
375 772 455 841 244
527 740 1387 834 ‚AENE1·Dosvr.v.35s.

369 912 419 982 Ni
436 935 521 1009 gens
541 911 693 983 crudelis
712 908 858 980 madida
879 935 962 981 cum
982 927 1078 980 veste
1096 925 1302 1006 gravatum,

367 1027 672 1118 Prensantemque
690 1026 791 1096 uncis
808 1025 977 1097 manibus
997 1024 1113 1118 capita
1132 1048 1253 1117 aspera
1272 1022 1412 1107 montis

368 1142 473 1212 Ferro
495 1141 698 1230 invasisset,
721 1141 964 1235 praedamque
985 1140 1102 1238 ignara
1120 1155 1289 1234 putasset

368 1256 477 1328 Nunc
495 1281 555 1327 me
575 1254 703 1328 fluctus
722 1256 850 1345 habet,
872 1274 1083 1350 versantque
1101 1255 1141 1324 in
1161 1254 1265 1325 litore
1285 1254 1394 1326 venti.
1473 1315 1475 1320 .

367 1370 483 1475 Quod
501 1389 536 1441 te
555 1396 619 1462 per
638 1373 731 1442 coeli
745 1370 949 1470 jucundum
966 1374 1114 1458 lumen,
1139 1388 1174 1441 et
1191 1392 1311 1458 auras,

368 1486 435 1556 Per
454 1486 654 1583 genitorem
673 1512 760 1576 oro,
782 1511 846 1581 per
864 1511 953 1580 spes·
965 1485 1136 1582 surgentis
1154 1485 1225 1554 Iuli
1242 1516 1251 1563 ;

368 1600 477 1694 Eripe
498 1625 558 1671 me
576 1601 655 1690 his,
676 1601 825 1690 invicte,
845 1602 950 1673 malis
971 1629 979 1668 ι
1008 1619 1072 1670 aut
1087 1619 1129 1670 tu
1148 1599 1239 1669 mihi
1260 1617 1387 1670 terram

367 1717 502 1813 Injice,
523 1740 682 1808 namque
699 1736 825 1809 potos3
852 1736 1051 1809 portusque
1068 1715 1205 1807 require
1223 1714 1259 1785 V
1261 1713 1388 1787 elinos.

368 1832 443 1902 Aut
459 1850 524 1920 tu,
548 1831 577 1902 si
596 1857 670 1924 qua
688 1833 745 1901 via
765 1850 839 1920 est,
863 1832 892 1901 si
913 1856 1024 1924 quarn
1044 1830 1110 1900 tibi
1131 1830 1211 1900 diva
1231 1829 1377 1901 creatrix
1397 1865 1405 1894 μ
1495 1814 1497 1818 ’

368 1945 564 2034 Ostendit,
586 1946 860 2040 (nequeenim,
885 1947 1014 2034 credo,
1039 1946 1115 2017 sine
1136 1945 1285 2015 numine
1306 1939 1433 2016 divdm

369 2062 539 2132 Flumina
550 2078 653 2132 tanta
671 2086 771 2155 paras
790 2060 1022 2159 Stygiamque
1042 2061 1163 2132 innare
1182 2059 1381 2155 paludem)

370 2176 427 2247 De
446 2177 606 2247 dextram
626 2176 778 2265 misero,
802 2193 836 2246 et
852 2194 973 2247 tecum
993 2202 1054 2246 me
1070 2178 1162 2249 tolle
1179 2200 1242 2269 per
1261 2165 1407 2280 undas]
1449 2189 1451 2193 ’

371 2291 523 2362 Sedibus
541 2309 582 2362 ut
600 2292 723 2362 saltem
744 2291 895 2385 placidis
913 2292 952 2362 in
969 2310 1084 2370 morte
1103 2292 1294 2384 quiescam.

372 2407 475 2477 Talia
494 2405 585 2476 fatus
605 2425 697 2494 erat,
725 2407 846 2501 coepit
866 2431 982 2500 quom
1001 2408 1084 2477 talia
1103 2424 1218 2478 vates:

371 2521 478 2598 Unde
497 2522 606 2610 haee,
635 2546 658 2591 o
679 2522 864 2611 Palinure,
891 2521 958 2594 tibi
979 2541 1052 2593 tam
1071 2521 1145 2593 dira
1163 2519 1336 2614 cupido?

371 2637 432 2707 Tu
449 2634 585 2734 Stygias
603 2635 811 2707 inhumatus
828 2663 965 2731 aquas,
991 2661 1210 2731 amnemque
1229 2659 1389 2706 sevenrm

370 2751 617 2825 Eumenidum
637 2751 830 2846 adspicies,
851 2753 1010 2847 ripamve
1030 2754 1183 2851 injussus
1200 2748 1348 2821 adibis?

371 2867 505 2940 Desine
525 2865 597 2938 lata
614 2866 725 2938 deum
745 2865 838 2940 ssecti
859 2892 994 2962 sperare
1011 2868 1201 2963 precando.

372 2983 443 3055 Sed
462 3008 548 3077 cape
568 2983 661 3054 dicta
680 3008 839 3073 memor,
863 2985 941 3055 duri
963 2986 1088 3057 solatia
1108 3007 1216 3057 casus.

371 3100 468 3169 Nam
487 3118 549 3169 tua
569 3097 736 3188 finitimi,
759 3101 868 3197 longe
886 3102 1028 3195 lateque
1047 3126 1111 3195 per
1126 3099 1252 3189 urbm,

372 3213 550 3309 Prodigiis
565 3214 636 3283 acti
660 3214 895 3303 coelestibus,
920 3205 999 3287 ossa
1019 3216 1193 3309 piabunt;

373 3328 419 3399 Et
440 3345 592 3398 statuent
611 3330 817 3417 tumulum,
842 3351 876 3400 et
895 3333 1040 3401 tumulo
1062 3330 1253 3402 sollemnia
1270 3330 1413 3401 mittent
1423 3356 1435 3412 ς

373 3442 641 3534 Aeternumque
662 3445 764 3515 locus
784 3444 941 3515 Palinuri
961 3470 1099 3514 nomen
1117 3445 1271 3520 habebit

373 3557 441 3628 His
462 3556 565 3627 dictis
585 3581 684 3627 curae
702 3577 874 3647 emotae„
887 3562 1087 3654 pulsusque
1104 3584 1294 3653 parumper

375 3672 495 3744 Corde
514 3672 621 3745 dolor
639 3673 727 3744 tristi
749 3701 756 3741 :
786 3675 914 3772 gaudet
934 3675 1153 3772 cognomine
1170 3694 1265 3747 terra.

431 3789 522 3887 Ergo
545 3789 607 3859 iter
626 3789 813 3883 inceptum
831 3810 1019 3887 peragunt3
1040 3789 1224 3885 fluvioque
1243 3792 1498 3886 propinquant

374 3905 501 3975 Navita
522 3930 615 3997 quos
629 3908 708 4001 jam
727 3904 810 3978 iude
831 3923 871 3976 ut
890 3904 1009 4004 Stygia
1027 3908 1213 4001 prospexit
1231 3907 1276 3981 ab
1297 3906 1394 3977 unda

375 4020 441 4089 Per
457 4020 603 4090 taciturn
619 4044 749 4091 nemus
771 4020 839 4110 ire,
869 4020 1076 4116 pedemque
1095 4023 1270 4095 advertere
1288 4024 1401 4116 ripae,

375 4132 432 4213 Sic
452 4135 549 4227 prior
568 4134 768 4231 adgreditur
789 4136 914 4227 dictis,
941 4157 1049 4232 atque
1070 4139 1226 4233 increpat
1245 4140 1365 4208 ultro:

374 4248 550 4354 Quisquis
570 4274 625 4339 es,
646 4268 798 4323 amntus
818 4255 881 4346 qui
901 4272 1020 4327 nostra
1040 4253 1086 4325 ad
1106 4252 1257 4323 flumina
1279 4253 1417 4341 tendis,
1483 4323 1485 4330 .

372 4366 400 4435 f
402 4391 458 4435 are
476 4391 564 4463 age,
584 4364 673 4459 quid
691 4368 838 4440 venias:
863 4372 940 4472 jam
962 4370 1068 4440 istinc·
1086 4388 1121 4446 et
1140 4370 1327 4463 conprime
1347 4392 1515 4465 gressum.

374 4481 590 4561 Umbrarum
609 4482 782 4560 hiclocus
803 4502 875 4570 est,
901 4481 1029 4558 Somni
1048 4483 1244 4579 Noctisque
1265 4509 1438 4584 soporae:

373 4595 533 4691 Corpora
551 4598 631 4668 viva
652 4599 750 4670 nefas
769 4597 888 4693 Stygia
905 4617 1039 4670 vectare
1060 4600 1183 4687 carina.
