3750 6217
381 701 460 777 w
561 673 1383 780 AENE1n08v1.v.rqr.

374 852 582 942 Admoneat
600 852 748 926 volitare
767 873 851 928 cava
872 847 939 924 sub
959 848 1115 949 imagine
1136 849 1295 940 formae,

373 969 518 1060 inruat,
541 987 577 1041 et
593 966 715 1046 frustra
733 964 824 1050 ferro
843 964 1039 1046 diverbfflet
1059 969 1212 1047 umbras

430 1085 527 1157 Hinc
545 1085 627 1174 via,
651 1082 806 1159 Tartarei
826 1106 919 1180 quae
940 1079 1006 1154 fert
1021 1080 1232 1171 Acherontis
1252 1082 1298 1155 ad
1318 1081 1457 1159 undant
1520 1181 1523 1186 Ι

371 1202 558 1278 Turbidus
576 1195 634 1272 hic
654 1223 770 1284 coeno
790 1216 962 1294 vastaque
981 1199 1148 1298 voragine
1165 1224 1291 1298 gurges

372 1318 539 1407 Aestuat,
562 1335 671 1411 atque
690 1337 843 1394 omnem
861 1312 1002 1407 Cocyto
1022 1333 1154 1395 eructat
1173 1339 1325 1395 arenam.

372 1426 527 1505 Portitor
543 1434 607 1510 has
624 1428 821 1516 horrendus
840 1454 950 1523 aquas
968 1449 1004 1500 et
1020 1427 1172 1502 flumina
1192 1448 1303 1520 servat

373 1548 540 1620 Terribili
561 1549 725 1642 squalore
743 1545 888 1619 Charon
908 1571 920 1640 ;Ι
946 1546 1004 1626 cui
1021 1546 1178 1640 plurima
1194 1563 1321 1622 mento

292 1669 295 1680 '
373 1663 533 1743 Canities
551 1664 685 1745 inculta
697 1663 791 1759 jacet
811 1686 819 1727 ι
849 1677 944 1732 stant
963 1661 1100 1732 lumina
1118 1660 1287 1736 flammae

372 1777 545 1850 Sordidus
563 1802 608 1850 ex
626 1777 782 1858 humeris
800 1774 902 1846 nodo
923 1775 1106 1870 dependet
1121 1779 1281 1851 amictus.

373 1895 460 1990 lpse
479 1913 591 1966 ratem
610 1911 721 1966 conto
739 1890 893 1990 subigit,
915 1892 1076 1986 velisque
1096 1894 1292 1984 ministrat,

372 2010 421 2097 Et
437 2007 634 2107 ferruginea
654 2006 837 2084 subvectat
854 2031 1004 2101 corpora
1023 2009 1175 2102 cymba,

369 2123 455 2228 Jam
473 2126 612 2204 senior;
637 2122 700 2196 sed
719 2121 826 2192 cruda
843 2120 913 2192 deo
934 2121 1128 2217 viridisque
1150 2142 1318 2201 senectru.

372 2240 456 2311 Huc
478 2240 599 2325 omnis
617 2237 721 2309 turba
740 2236 787 2308 ad
805 2237 900 2332 ripas
919 2236 1028 2310 effusa
1047 2239 1189 2331 ruebat,

372 2355 503 2427 Matres
518 2341 625 2449 atque
643 2353 724 2443 riri,
747 2350 988 2445 defunctaque
1005 2379 1154 2449 corpora
1170 2358 1243 2427 vita

372 2470 650 2569 Magnanimum
667 2470 845 2558 heroum,
866 2469 967 2563 pueri
987 2469 1234 2567 innuptaeque
1253 2469 1417 2566 puellae,

372 2587 605 2681 Inpositique
622 2584 717 2683 rogis
728 2587 877 2684 juvenes
895 2602 977 2666 ante
996 2611 1056 2657 ora
1075 2605 1280 2682 parentum:

371 2700 499 2807 Quam
520 2703 635 2779 multa
655 2701 693 2770 ln
711 2699 808 2772 silvis
827 2701 993 2770 autumni
1012 2699 1140 2800 frigore
1160 2704 1280 2799 primo

373 2816 490 2889 Labsa
508 2817 642 2889 cadunt
661 2814 769 2905 folia,
787 2834 848 2890 aut
868 2814 914 2898 ad
933 2833 1059 2897 terram
1077 2820 1211 2917 gurgite
1230 2819 1275 2901 ab
1292 2819 1366 2890 aito

279 2953 283 2964 ·
373 2931 497 3037 Quam
517 2934 652 3007 multae
672 2933 913 3030 glomerantur
928 2955 1032 3022 aves,
1053 2932 1117 3004 ubi
1136 2933 1283 3034 frigidus
1300 2958 1416 3010 annus

372 3046 488 3128 Trans
507 3066 663 3143 pontum
683 3044 800 3144 fugat,
824 3063 860 3118 et
879 3046 975 3121 terris
993 3048 1143 3131 inmittit
1161 3051 1297 3147 apricis,¹

371 3161 519 3236 Stabant
537 3181 676 3234 orantes
694 3162 802 3258 primi
822 3157 1054 3245 transmittere
1074 3189 1242 3257 cursum,

372 3277 661 3371 Tendebantque
681 3300 809 3348 manus
826 3277 922 3370 ripae
941 3279 1117 3352 ulterioris
1134 3307 1266 3355 amore.

371 3392 501 3464 Navita
520 3392 581 3463 sed
601 3392 706 3468 tristis
725 3415 822 3463 nunc
839 3392 929 3481 hos,
951 3417 1049 3465 nunc
1070 3395 1205 3492 adripit
1224 3398 1332 3470 illos:

372 3506 439 3579 Ast
455 3508 544 3577 alios
564 3508 672 3604 longe
693 3506 883 3598 submotos
902 3526 995 3580 arcet
1014 3533 1125 3582 arena.

372 3621 532 3713 Aeneas,
556 3623 702 3696 miratus
721 3624 842 3713 enim,
864 3641 1060 3718 motusque
1082 3628 1259 3716 tumultu,

372 3736 464 3827 Dic,
485 3740 553 3830 ait,
579 3765 601 3818 ο,
622 3739 743 3839 virgo,
765 3740 856 3833 quid
872 3741 951 3810 volt
967 3763 1160 3814 concursus
1177 3741 1222 3813 ad
1240 3744 1416 3816 amnem?

373 3853 520 3959 Quidve
537 3874 666 3951 petunt
685 3856 860 3929 animae?
887 3857 944 3926 vel
965 3880 1041 3950 quo
1060 3856 1263 3936 discrimine
1282 3859 1378 3954 ripas

372 3970 451 4049 Hae
472 3972 665 4065 linquunt,
685 3972 766 4046 illae
785 3968 893 4058 remis
912 3971 1002 4043 vada
1022 3973 1130 4044 livida
1150 3977 1322 4046 verrunt?

373 4085 451 4166 Olli
470 4086 519 4162 sic
538 4086 687 4159 breviter
705 4083 775 4159 fata
793 4105 847 4160 est
866 4071 1038 4187 longaeva
1055 4088 1236 4163 sacerdos:

372 4182 527 4270 An‘cliisa
547 4218 729 4297 generate,
752 4201 863 4275 deirm
883 4203 1075 4282 senissima
1091 4208 1233 4302 proles,

372 4313 501 4409 Coryti
519 4334 638 4414 stagna
656 4318 725 4391 alta
743 4319 864 4411 vides,
885 4318 1118 4421 Stygiamque
1135 4322 1331 4420 paludem,

370 4429 432 4502 Dii
451 4433 551 4532 cujus
564 4436 676 4532 jurare
695 4436 827 4510 timent
846 4455 881 4510 et
901 4427 1021 4517 fallere
1041 4462 1190 4512 numen.

368 4547 468 4635 Haec
487 4551 631 4641 omnis,
654 4580 765 4648 quam
785 4543 919 4643 cernis,
941 4554 1051 4652 inops
1069 4555 1326 4652 inhumataque
1344 4554 1446 4629 turba
1464 4575 1538 4632 est:
