3750 6217
594 773 954 855 ECLOGA
1011 782 1289 858 minan
1500 796 1558 888 ῃ

334 949 408 1022 Vel
427 964 522 1043 qnae
542 927 683 1048 sublegi
704 929 832 1020 tacitus
850 929 918 1019 tibi
937 946 1095 1018 carmina
1114 966 1249 1043 nuper,

335 1053 466 1171 Quom
485 1084 520 1137 te
539 1064 585 1134 ad
606 1065 751 1136 delicias
770 1060 895 1154 ferree,
915 1061 1159 1155 Amaryllida,
1184 1060 1353 1134 nostras?

349 1180 352 1187 ’
393 1179 542 1274 Tityre,
566 1179 657 1249 dum
674 1177 783 1248 redeo
802 1177 940 1269 (brevis
962 1194 1014 1247 est
1033 1176 1113 1270 via)
1134 1201 1241 1272 pasce
1263 1177 1441 1270 capellast
1490 1254 1492 1259 ,

333 1294 380 1367 Et
400 1309 539 1389 potum
558 1307 678 1387 pastas
701 1317 786 1390 age,
811 1290 936 1387 Tityre
955 1317 963 1359 t
993 1308 1029 1361 et
1046 1290 1138 1361 inter
1156 1290 1340 1392 agendum

332 1410 530 1481 Occursare
550 1431 677 1501 capre,
705 1430 818 1478 comu
835 1404 915 1478 ferit
932 1407 1017 1495 ille,
1038 1424 1172 1479 caveto·

840 1541 871 1592 Μ
886 1539 910 1592 0
926 1540 949 1592 E
964 1533 987 1591 ll
1003 1542 1017 1591 1
1032 1540 1061 1592 8.

334 1637 461 1710 Immo
479 1639 594 1729 haec,
616 1662 709 1732 quae
728 1635 827 1713 Varo
848 1636 1027 1708 necdum
1046 1619 1200 1730 perfecta
1220 1632 1378 1711 canebat.

392 1753 509 1843 Vare,
535 1775 641 1826 tuum
661 1752 801 1823 nor'rien
826 1752 992 1847 (superet
1009 1751 1126 1823 modo
1147 1752 1297 1825 Mantua
1315 1743 1443 1846 nobis,

332 1864 483 1941 Mantua
502 1894 567 1939 vae
586 1869 735 1940 miserae
756 1868 914 1937 nimium
934 1866 1049 1936 vicina
1068 1864 1270 1938 Cremonae
1287 1869 1322 1962 !)
1440 1852 1445 1862 ’

335 1975 529 2057 Cantantes
548 1984 703 2056 sublime
722 1980 838 2053 ferent
856 1965 903 2052 ad
919 1981 1033 2054 sidera
1053 1982 1166 2075 cycni.

806 2113 1082 2168 steron&

336 2210 392 2286 sic·
412 2232 475 2286 tua
495 2213 652 2309 Cyrneas
669 2200 810 2312 fugiant
826 2206 993 2284 'examina
1012 2226 1115 2283 taxos
1132 2226 1141 2281 'r

337 2320 396 2401 Sic
416 2331 530 2424 cytiso
552 2345 675 2424 pastae
695 2329 901 2402 distendant
919 2328 1028 2398 ubera
1047 2346 1182 2399 vaccae.

335 2442 482 2540 Incipe,
507 2445 536 2517 si
555 2444 646 2538 quid
665 2445 785 2516 habes.
832 2463 867 2515 et
885 2462 946 2513 me
964 2441 1076 2513 fecere
1096 2455 1246 2536 poetam

335 2557 519 2631 Pierides:
551 2578 634 2632 sunt
654 2577 689 2631 et
709 2547 800 2630 mihi
820 2558 985 2630 carmina.
1025 2561 1086 2627 me
1107 2573 1258 2661 quoque
1275 2546 1400 2632 dicunt

334 2672 471 2747 Vatem
492 2695 677 2772 pastoresr
708 2675 867 2748 sednon
885 2694 953 2772 ego
973 2668 1138 2744 credulus
1159 2675 1239 2745 illis.

333 2788 429 2860 Nam
448 2807 571 2884 neque
592 2792 710 2861 adhuc
730 2772 831 2861 Varo
851 2789 1000 2878 videor,
1019 2807 1086 2858 nec
1106 2789 1220 2860 dicere
1241 2787 1360 2861 Cinna

335 2903 476 3004 Digna,
501 2892 565 2978 sed
582 2925 726 3004 acgutos
746 2906 836 3004 inter
855 2907 1006 2997 strepere
1027 2928 1128 2976 anser
1148 2903 1276 2979 olores.

821 3037 1058 3119 nostra

340 3130 385 3201 ld
406 3131 559 3224 quidem
579 3157 646 3232 ago
664 3163 673 3212 ;
704 3138 739 3205 et
755 3133 902 3223 tacitus,
924 3126 1081 3228 Lycida,
1103 3143 1247 3225 lnecum
1271 3120 1348 3230 ipse
1367 3126 1521 3231 voluto,

337 3242 374 3315 Si
392 3249 532 3318 valeam
553 3247 787 3321 meminisse:
817 3263 935 3342 neque
957 3267 1008 3320 est
1030 3249 1192 3347 ignobile
1213 3276 1366 3323 carmen.

394 3360 479 3434 Huc
497 3354 601 3454 ades,
627 3386 650 3435 o
673 3362 828 3436 Galatea.
874 3367 957 3459 quis
978 3378 1030 3436 est
1051 3388 1136 3434 narn
1158 3367 1264 3439 ludus
1286 3368 1323 3438 in
1341 3367 1480 3453 undis?¹

337 3471 406 3548 Hic
422 3503 483 3549 ver
502 3498 725 3574 purpureum
751 3494 759 3548 t
789 3478 905 3551 varios
924 3474 982 3550 hic
1003 3479 1155 3551 flumina
1175 3482 1309 3554 circum

336 3591 470 3663 Fundit
487 3590 622 3666 humus
641 3576 748 3668 liores
768 3625 776 3664 ε
804 3576 863 3666 hic
883 3594 1037 3666 candida
1056 3600 1218 3691 populus
1238 3616 1340 3672 antro

338 3704 523 3798 Inminet,
547 3728 582 3780 et
597 3709 714 3782 lentae
733 3718 860 3783 tert'unt'
879 3695 1089 3782 umbracula
1108 3713 1206 3785 vites.

335 3820 419 3893 Huc
438 3813 524 3895 ades
543 3849 552 3892 z
581 3817 698 3898 insani
716 3814 842 3901 feriant
860 3817 936 3899 sine
958 3808 1060 3898 litora
1078 3825 1216 3902 fluctus.

822 3948 1072 4014 rrc1ons

258 4144 264 4155 ·
337 4050 463 4158 Quid,
488 4071 581 4148 quae
597 4063 633 4126 te
652 4076 742 4151 pura
763 4048 886 4130 solum
906 4038 973 4130 sula
993 4079 1100 4131 nocte
1121 4073 1308 4133 canentem

337 4165 532 4241 Audieram
551 4171 568 4241 Ρ
596 4190 769 4246 numeros
787 4174 960 4263 memini,
982 4161 1011 4246 si
1029 4168 1136 4246 verba
1155 4186 1324 4249 tenerenn

826 4300 1056 4362 Moeu1s

336 4394 505 4494 Daphni,
527 4394 617 4496 quid
638 4401 809 4496 antiquos
828 4407 1015 4504 signorum
1033 4394 1184 4500 suspicis
1203 4406 1332 4480 ortus?

335 4508 427 4585 Ecce
449 4507 604 4587 Dionaei
621 4520 794 4612 processit
811 4518 970 4594 Caesaris
987 4537 1140 4595 astrumt

335 4626 502 4723 nstrum,
529 4656 605 4727 quo
626 4646 761 4733 segetes
779 4636 973 4736 gauderent
992 4636 1154 4737 frugibus
1172 4655 1180 4706 t
1211 4652 1247 4710 et
1267 4658 1343 4731 quo

1164 4754 1185 4798 '⁸
1207 4751 1237 4823 Ε
