3750 6217
257 1162 1391 1431 'acrocnpnrnn.

253 1595 1459 1963 TITYRUS

362 1948 905 2032 MELIBOEUS
954 1948 1349 2022 TITYRUS.

691 2201 1018 2255 MELIBOEUS.

252 2392 492 2474 TITYRE‚
514 2411 554 2465 tu
571 2393 715 2488 patulae
731 2391 902 2463 recubans
921 2389 988 2462 sub
1007 2392 1166 2490 tegmine
1184 2387 1256 2489 fagi

250 2509 454 2582 Silvestrem
474 2510 574 2582 tenui
595 2508 737 2579 Musam
753 2507 935 2579 meditaris
954 2531 1084 2577 avena:

250 2624 331 2697 Nos
350 2627 483 2720 patriae
502 2624 607 2713 finis,
627 2643 663 2695 et
682 2623 801 2694 dulcia
822 2624 1023 2716 linquimus
1042 2648 1145 2702 arva;

249 2738 330 2813 Nos
349 2741 501 2835 patriam
522 2738 682 2837 fugimus
711 2767 719 2806 ε
748 2758 814 2828 tu,
836 2737 985 2833 Tityre,
1007 2739 1126 2809 lentus
1146 2738 1184 2806 in
1203 2735 1331 2807 umbra

251 2853 468 2928 Formosam
488 2877 654 2928 resonare
675 2851 786 2924 doces
807 2851 1028 2946 Amaryllida
1047 2852 1161 2923 silvas.

740 2984 979 3037 arsinus

250 3082 288 3152 Ο
309 3081 516 3171 Meliboee,
538 3081 638 3153 Deus
656 3080 765 3151 nobis
783 3080 869 3151 haec
890 3070 1077 3152 otia'fecit.

252 3193 426 3288 Namque
444 3197 508 3266 erit
525 3197 588 3264 ille
607 3195 698 3265 mihi
719 3217 860 3288 semper
878 3193 976 3266 Deus
1005 3224 1012 3263 ε
1043 3193 1140 3264 illius
1159 3217 1255 3264 aram

250 3308 365 3403 Saepe
385 3327 484 3380 tener
499 3309 631 3381 nostris
650 3309 696 3380 ab
718 3308 873 3382 ovilibus
893 3309 1021 3381 inbuet
1037 3333 1162 3408 agnus.

249 3423 319 3494 Ille
337 3449 436 3495 meas
453 3449 561 3495 errare
577 3424 715 3516 boves,
738 3443 780 3495 ut
797 3425 929 3514 cernis,
957 3444 992 3498 et
1009 3425 1131 3519 ipsum

248 3537 412 3630 Ludere,
438 3565 529 3633 quae
547 3541 706 3630 vellem,
726 3541 865 3611 calamo
888 3541 1052 3636 permisit
1069 3541 1204 3641 agresti.

688 3675 1014 3728 MELIBOEU&

250 3769 339 3842 Non
358 3771 531 3865 equidem
553 3772 698 3843 invideo
725 3801 733 3841 ε
762 3772 874 3843 miror
892 3773 1015 3870 magis.
1051 3771 1215 3866 undique
1234 3772 1320 3848 totis

250 3884 375 3980 Usque
394 3887 484 3958 adeo
503 3887 662 3959 turbatur
681 3887 779 3986 agris.
821 3913 893 3978 en,
917 3889 995 3982 ipse
1015 3890 1169 3982 capellas

251 3999 428 4073 Protenus
444 4028 546 4101 aeger
566 4028 633 4102 ago
665 4031 673 4072 ε
702 4004 794 4073 hanc
811 4003 919 4074 etiam
938 4003 1000 4073 vix
1014 4007 1037 4093 ,'
1051 4002 1196 4100 Tityre,
1223 4003 1328 4078 duco·

249 4110 320 4186 Hic
340 4117 431 4187 inter
450 4118 577 4210 densas
597 4119 741 4191 corulos
759 4117 876 4188 modo
895 4141 1053 4213 namque
1073 4121 1269 4217 gemellos,

248 4228 362 4325 Spem
383 4234 519 4331 gregis,
548 4233 618 4304 ah!
646 4235 743 4326 silice
762 4233 801 4302 in
821 4233 918 4304 nuda
936 4235 1092 4306 connixa
1110 4235 1263 4330 reliquit.

249 4342 365 4439 Saepe
382 4351 522 4419 malum
538 4351 609 4420 hoc
627 4349 762 4438 nobis,
785 4349 815 4421 si
834 4372 938 4421 mens
956 4373 1033 4420 non
1053 4351 1151 4422 laeva
1171 4349 1316 4443 fuisset,
1442 4343 1446 4351 ¹

250 4457 306 4530 De
331 4464 435 4533 coelo
460 4482 569 4537 tactas
592 4464 745 4536 memini
768 4464 968 4559 praedicere
992 4490 1149 4559 quercus.

247 4572 319 4648 Sed
336 4596 459 4651 tamen
473 4633 487 4694 ‚y
510 4579 576 4655 iste
596 4580 684 4657 deus
707 4580 771 4678 qui
792 4581 861 4696 sit,
888 4579 961 4674 da,
989 4580 1135 4678 Tityre,
1163 4582 1280 4654 nobis.

1166 4697 1200 4767 A
1240 4719 1259 4776 a
