3750 6217
1339 624 1348 665 l

504 712 952 789 AENEIDOS
1009 712 1128 789 VII.
1180 742 1214 789 v.
1266 721 1356 805 787.
1459 721 1536 807 285

333 878 428 951 Tam
447 879 562 977 magis
579 879 641 983 illa
659 876 832 971 fremens,
851 899 886 952 et
902 879 1060 977 tristibus
1079 878 1182 969 effera
1198 878 1384 975 flammis,

332 994 457 1102 Quam
471 995 586 1092 magis
605 992 717 1067 effuso
738 995 949 1068 cmdescunt
968 999 1140 1095 sanguine
1157 1020 1308 1096 pugnae.

332 1111 381 1183 At
400 1112 516 1181 levem
537 1110 695 1204 clipeum
717 1110 865 1184 sublatis
885 1110 1054 1184 cornibus
1074 1112 1118 1183 Io

332 1225 431 1299 Auro
449 1225 663 1330 insignibat,
681 1228 758 1324 jam
779 1226 880 1310 saetis
898 1225 1035 1317 obsita,
1055 1227 1241 1331 jambos,

331 1342 596 1440 Argumentum
615 1323 763 1440 ingens,
787 1360 823 1413 et
839 1360 959 1413 custos
980 1340 1123 1440 virginis
1142 1342 1278 1442 Argus,

334 1457 549 1551 ‚Caelataque
566 1482 712 1529 amnem
730 1455 886 1528 fundens
904 1474 1003 1550 pater
1023 1456 1175 1530 Inachus
1193 1483 1291 1529 urna.

334 1573 539 1666 Insequitur
557 1572 705 1644 nimbus
724 1572 916 1667 peditum,
939 1572 1163 1666 clipeataque
1178 1574 1267 1649 totis

273 1775 277 1779 Ι
331 1686 487 1788 Agmina
504 1688 696 1759 densentur
713 1687 872 1781 campis,
895 1685 1098 1785 Argivaque,
1111 1686 1247 1783 pubes,

332 1803 592 1915 Aumncaequo
609 1827 761 1892 manus,
780 1802 932 1891 Rutuli,
950 1821 1160 1901 ueteresque·¹
1174 1800 1313 1906 Sicani,

332 1919 378 1991 Et
394 1916 560 1989 Sacranae
581 1919 695 2008 acies,
714 1938 749 1990 et
768 1917 856 2012 picti
875 1934 971 1989 scuta
991 1917 1114 1993 Labici
1131 1947 1142 1993 a

333 2032 410 2140 Qui
430 2034 559 2122 saltus,
577 2033 766 2124 Tiberine,
788 2050 891 2123 tuos,
920 2057 1131 2129 sacrumque
1151 2032 1301 2113 Numici

335 2148 435 2220 Litus
453 2166 575 2240 arant,
597 2149 826 2242 Rutulosque
845 2167 1010 2235 exercent
1026 2173 1171 2229 vomere
1191 2150 1324 2247 colles,

332 2262 595 2358 Circaeumque
610 2267 762 2364 jugum
790 2264 870 2358 quis
884 2262 1052 2360 Juppiter
1071 2261 1238 2357 Anauros
1256 2265 1349 2359 arvis·

332 2378 527 2470 Praesidet,
551 2397 587 2452 et
601 2379 705 2452 viridi
721 2379 882 2479 gaudens
898 2378 1050 2452 Feronia
1069 2381 1153 2460 luco
1168 2408 1180 2463 a

333 2493 417 2601 Qua
437 2493 580 2566 Saturae
594 2498 687 2595 jacet
702 2515 774 2585 atra
790 2497 915 2589 perlue,
939 2494 1150 2592 gelidusque
1169 2519 1234 2589 pet
1253 2495 1346 2587 imas

332 2608 483 2714 Quaerit
500 2612 563 2691 iter
579 2613 703 2700 vallis,
724 2629 830 2703 atque
850 2611 892 2697 in,
908 2633 1007 2687 mare
1024 2609 1193 2707 coqditur
1211 2608 1332 2699 Ufens.

390 2725 470 2797 Hos
487 2751 594 2821 super
611 2727 754 2798 advenit
767 2724 904 2797 Volsca
921 2725 967 2796 de
987 2743 1090 2824 gente
1109 2723 1284 2817 Camilla,

331 2834 475 2938 Agmen
491 2865 597 2939 agens
616 2843 802 2935 equitum,
823 2858 859 2912 et
874 2839 1034 2927 florentis
1054 2865 1130 2919 aete
1151 2857 1326 2932 catervae,

333 2954 509 3026 seranta
549 2928 628 3026 nh
646 2957 709 3040 nu
723 2957 829 3046 con,
850 2956 1041 3039 arnume,
1058 2955 1240 3055 Minerua

331 3067 519 3141 Femineas
538 3070 682 3157 adsueta
699 3094 853 3151 manus;
876 3069 940 3145 sed
958 3070 1095 3165 proelia
1112 3070 1218 3167 virgo

332 3182 431 3256 Dura
450 3186 544 3278 pati,
567 3211 743 3280 cursuque
761 3184 899 3280 pedum
918 3204 1134 3281 praevertere
1151 3201 1302 3273 ventos:

239 3316 241 3321 '
332 3299 401 3371 Illa
417 3302 475 3370 vel
496 3300 646 3374 intactae
664 3301 790 3401 segetis
806 3326 871 3397 pet
888 3325 1032 3380 summa
1047 3303 1184 3377 volaret

332 3414 527 3506 Gramina,
546 3441 613 3488 nec
629 3435 765 3501 teneras
785 3404 891 3493 cutsu
906 3416 1062 3495 laesisset
1080 3416 1198 3502 asistas
1213 3442 1228 3511 z,

331 3529 404 3602 Vel
421 3556 517 3604 mare
537 3556 605 3628 ppr-
618 3533 808 3622 medium,
833 3531 946 3615 fluctu
964 3556 1140 3629 suspensa
1154 3530 1335 3629 tumenti,

331 3645 448 3718 Ferret
468 3646 555 3737 iter,
578 3649 699 3720 celeris
717 3671 784 3719 nec
804 3649 979 3746 tingueret
996 3647 1321 3741 aequoreplantas.

331 3763 440 3832 Illam
461 3762 583 3847 omnis
603 3764 705 3835 tectis
723 3763 893 3861 agrisque
907 3758 1015 3834 effusa
1030 3764 1220 3862 juventus·¹

332 3876 529 3969 Turbaque
545 3876 690 3949 miratur
708 3895 885 3967 matrum,
909 3892 945 3946 et
963 3894 1169 3973 prospectat
1187 3891 1357 3969 euntem„

332 3990 516 4064 Adtonitis
533 3990 674 4064 inhians
691 3992 820 4079 animis
845 4020 853 4061 ι
882 4008 924 4077 ut
941 3974 1059 4089 regius
1075 4009 1172 4075 ostro

333 4105 443 4178 Velet
461 4107 581 4191 honos
599 4106 687 4192 levis
702 4105 897 4196 humeros,
922 4123 965 4178 ut
983 4106 1095 4183 fibula
1115 4106 1250 4189 crinem

337 4219 436 4315 Auro
456 4221 683 4302 intemectat3
704 4219 853 4315 Lyciam
872 4238 914 4292 ut
931 4239 1029 4320 gerat
1047 4221 1124 4317 ipsa
1144 4221 1367 4341 pharetram,

334 4335 380 4438 Et
397 4338 609 4444 pastoralem
626 4334 780 4436 praelixa
798 4334 949 4441 cuspide
967 4353 1145 4441 Ulmum,
