3750 6217
384 817 390 836 x
507 721 957 796 AENEIDOS
1013 721 1121 797 Vll.
1179 748 1212 795 n
1263 725 1353 815 653.
1455 729 1529 802 a81

385 884 474 963 Post
490 870 559 962 bos
577 890 755 988 insignem
773 891 894 984 palma
911 891 976 983 per
993 889 1152 986 gramina
1168 888 1331 977 cu'rru'm,

330 1004 568 1099 Victoresque
586 1007 739 1078 ostentat
758 1022 893 1097 equos,
918 1021 1014 1076 satus
1035 1003 1188 1076 Hercule
1210 1004 1364 1098 pulchro

331 1121 482 1193 Pulcher
501 1118 730 1193 Aventinusr
762 1121 981 1215 clipeoque
972 1121 1110 1220 insigne
1132 1137 1337 1215 paternum

330 1235 489 1328 Centum
509 1237 657 1334 anguis,
681 1238 908 1329 cinctamque
932 1236 1019 1334 gerit
1039 1233 1406 1330 serpentibusdra
1284 1214 1445 1329 Hydram

330 1351 447 1423 Collis
465 1350 634 1422 Aventini
657 1353 744 1423 silva
766 1375 877 1444 quern
900 1349 998 1422 Rhea
1017 1350 1180 1423 sacerdos

330 1467 517 1539 Furtivom
536 1485 641 1562 partu
661 1466 730 1539 sub
750 1466 900 1538 luminis
923 1466 1037 1538 edidit
1058 1490 1157 1557 oras,

330 1569 445 1654 Mixta
467 1582 537 1653 deo
556 1583 709 1673 mulier,
731 1592 926 1677 postquam
951 1580 1137 1654 Laurentia
1159 1576 1295 1674 victor,

332 1697 500 1794 Geryone
521 1698 720 1787 exstincto,
742 1696 952 1792 Tirynthius
970 1696 1095 1795 adtigit
1112 1708 1218 1788 ¹arira,

332 1805 592 1908 Tyrrhenoque
616 1812 728 1885 boves
751 1814 790 1883 in
810 1809 962 1883 flumine
983 1813 1069 1884 lavit
1090 1813 1219 1887 Iberas.

332 1923 410 2000 Pila
431 1952 542 2030 manu
553 1948 784 2022 ,saevosque
804 1914 929 2026 gerunt
950 1927 989 1997 in
1012 1926 1108 2014 bella
1129 1928 1309 2027 dolones'.

333 2027 380 2116 Et
395 2023 493 2116 tereti
511 2061 674 2141 pugnant
690 2066 864 2114 mucrone
881 2066 1037 2136 veruque
1055 2018 1210 2116 Sabello.

334 2146 418 2265 Ipse
440 2158 551 2252 pedes
569 2164 739 2257 tegumen
759 2170 929 2251 torquens
950 2158 1096 2258 inmane
1117 2161 1255 2256 leonis,

333 2271 534 2346 Terribili
524 2297 700 2367 rnpexum
726 2293 841 2366 saeta,
862 2294 946 2344 cum
964 2250 1132 2347 dentibus
1149 2275 1241 2350 albis

334 2390 488 2462 Indutus
506 2389 637 2484 capiti,
660 2379 709 2462 sic
729 2391 832 2488 regia
841 2386 931 2459 tecta
950 2354 1093 2481 subibat

335 2485 535 2596 Horridus,
554 2503 809 2600 Herculeoque
826 2504 1023 2574 humeros
1015 2528 1168 2578 mnexus
1185 2507 1329 2580 amictus

391 2621 491 2691 Tum
512 2620 675 2718 gemini
636 2619 783 2692 fratres
802 2617 966 2690 Tiburtia
986 2620 1133 2692 moenia
1148 2617 1342 2717 linquunt,

335 2718 461 2808 Fratris
480 2733 635 2806 Tiburni
654 2735 788 2808 dictam
812 2734 1032 2842 cognomine
1051 2751 1218 2834 gentem,

336 2844 581 2942 Catillusque,
600 2860 748 2946 acerque
771 2849 906 2945 Coras,
929 2832 1087 2948 Argiva
1073 2863 1265 2949 juventusr

335 2966 381 3038 Et
400 2965 556 3070 primam
580 2985 660 3038 ante
683 2966 796 3038 aciem
821 2962 960 3037 densa
952 2985 1043 3037 mter
1064 2968 1134 3036 tela
1155 2965 1336 3059 ιειιιιιιιιιι

336 3079 414 3152 Ceu
437 3065 512 3151 duo
533 3065 753 3179 nubigenae
757 3096 873 3174 quom
894 3081 1022 3151 vertice
1041 3083 1178 3153 montis
1198 3072 1244 3152 ab
1266 3082 1339 3151 alto'

336 3194 570 3268 Descendunt
590 3195 777 3289 Centauri,
800 3178 989 3292 Homolen
1010 3180 1237 3300 Othrquue
1258 3174 1415 3267 nivalem
1482 3190 1490 3216 ⁸

337 3310 558 3404 Linquentes
578 3335 683 3385 cursu
699 3250 825 3406 rapido
850 3337 858 3379 ι
888 3280 950 3384 dat
970 3311 1165 3409 euntibus
1157 3336 1282 3409 ingens

336 3425 431 3499 Silva
451 3428 600 3526 locum,
621 3444 657 3498 et
657 3435 811 3526 magno
833 3427 966 3498 cedunt
987 3396 1134 3533 virgulta
1157 3425 1300 3526 fragore.-

393 3527 469 3613 Nec
490 3519 730 3614 Praenestinae
750 3541 921 3614 fundator
940 3540 1055 3613 defuit
1075 3543 1193 3632 urbis,

336 3645 504 3729 Volcano
526 3658 690 3756 genitum
712 3682 842 3753 pecora
860 3657 951 3730 inter
970 3660 1113 3757 agrestia
1130 3662 1271 3772 regem,

338 3772 607 3866 Inventumque
630 3771 721 3847 focis
743 3776 864 3856 omnis
885 3797 997 3867 quem
1020 3774 1168 3846 credidit
1188 3791 1302 3863 aetas,

339 3885 524 3958 Caeculus
561 3887 658 3961 hunc
676 3891 771 3988 legio
792 3891 860 3962 late
874 3890 1064 3993 comitatur
1080 3890 1272 3990 agrestisi

340 3999 491 4107 Quique
508 4003 623 4076 altum
642 4004 878 4079 Praeneste
845 4008 910 4078 vui
922 3985 1092 4100 ,quique
1110 4028 1190 4078 arva
1208 3981 1369 4075 Gabinae

335 4111 537 4224 junonis,
541 4118 773 4216 gelidumque
791 4109 992 4211 Anienem,
1015 4140 1051 4192 et
1067 4119 1244 4194 roscida
1219 4120 1300 4192 rrvis

339 4216 493 4304 Hernica
514 4257 594 4305 saxa
615 4236 764 4317 colunt;
727 4244 886 4332 t·quos
905 4238 1003 4310 dives
1027 4234 1188 4344 Anagnia
1209 4220 1346 4331 pascis,

341 4345 472 4452 Quos,
495 4343 674 4425 Amasene
698 4371 806 4449 pater
842 4377 919 4424 non
941 4337 1012 4427 illis
1037 4335 1208 4424 omnibus
1232 4372 1350 4439 anna,

340 4463 417 4537 Nec
434 4452 559 4562 clipei,
577 4483 740 4550 currusve
763 4484 903 4542 sonant
939 4493 1019 4564 pars
1037 4488 1208 4540 maxuma
1226 4462 1372 4565 glandes

341 4577 499 4661 Liventls
519 4586 676 4680 plumbi·
687 4605 818 4685 spargit
839 4612 848 4652 ι
877 4609 958 4682 pers
979 4582 1115 4680 spicula
1132 4600 1242 4768 geshqat

1230 4718 1256 4767 n

1301 4802 1306 4837 t
