3750 6217
514 787 962 880 'AENEIDOS
1019 795 1101 870 IX.
1153 822 1185 868 v.
1227 819 1327 909 523.
1448 816 1533 887 ‘325

330 961 431 1067 Quas
452 960 502 1030 ibi
523 978 609 1031 tunc
629 957 719 1031 ferro
743 977 890 1058 strages,
914 984 1004 1052 quae
1030 959 1151 1032 funera
1172 958 1317 1036 Turnus

330 1076 512 1156 Ediderit;
542 1100 653 1168 quem
676 1075 831 1168 quisque
850 1075 969 1145 virum
992 1075 1172 1149 demiserit
1191 1075 1313 1147 Orco:

330 1193 376 1264 Et
395 1216 539 1264 mecum
560 1190 713 1288 ingentis
732 1215 810 1261 oras
830 1190 983 1263 evolvite
1002 1190 1099 1263 belli.

388 1307 511 1378 Turris
528 1323 599 1376 erat
616 1321 714 1377 vasto
731 1325 922 1399 suspectu,
950 1323 985 1376 et
1004 1305 1178 1398 pontibus
1199 1306 1300 1393 altis,

331 1424 552 1518 Opportuna
572 1421 687 1490 loco:
715 1420 867 1492 summis
892 1444 1003 1513 quarn
1026 1420 1158 1493 viribus
1182 1444 1311 1507 omnes

331 1539 542 1636 Expugnare
566 1535 670 1624 Itali,
698 1560 915 1628 summaque
937 1553 1088 1607 evertere
1111 1561 1227 1630 opurq
1249 1535 1286 1619 vi

333 1653 524 1724 Certabant
546 1680 554 1720 z
585 1649 699 1723 Troas
719 1666 842 1734 contra
861 1648 1050 1733 defendere
1071 1652 1185 1741 saxis,

333 1769 471 1862 Perque
493 1791 593 1839 cavas
612 1764 713 1837 densi
735 1767 804 1835 tela
823 1765 1027 1858 intorquere
1049 1764 1226 1848 fenestras.

335 1884 503 1977 Princeps
522 1881 705 1951 ardentem
726 1880 877 1978 conjecit
897 1879 1065 1975 lampada
1083 1879 1246 1975 Turnus²
1338 1966 1340 1971 Ι

334 2000 380 2069 Et
399 1998 584 2068 flammam
606 1995 730 2072 adfixit
753 1995 850 2065 lateri
868 2025 877 2074 ;
899 2020 991 2088 quae
1011 1996 1166 2089 plurima
1187 2016 1295 2087 ventq
1348 2066 1352 2074 ,

334 2111 529 2207 Conripuit
549 2111 710 2200 tabulas,
734 2128 769 2181 et
793 2110 960 2205 postibus
978 2110 1090 2191 haesit
1113 2111 1236 2189 adesis.

334 2228 484 2299 Turbati
510 2227 683 2321 trepidare
705 2225 818 2314 intus,
844 2222 1042 2319 frustraque
1064 2214 1248 2321 malorum¹

333 2341 439 2414 Velle
459 2342 591 2440 fugam.
631 2342 721 2412 dum
742 2365 777 2421 se
798 2342 1017 2438 glomerant,
1041 2360 1206 2434 retroque
1225 2341 1386 2422 residunt

335 2458 380 2528 ln
401 2480 566 2554 partem,
590 2482 681 2550 quae
702 2474 802 2551 peste
823 2474 935 2545 caret,
959 2472 1039 2529 tum
1059 2457 1220 2548 pondere
1239 2459 1341 2528 turris

334 2573 532 2646 Procubuit
553 2572 697 2660 subit0,
726 2588 762 2644 et
781 2572 927 2665 coelum
947 2587 1049 2641 tonat
1067 2594 1177 2668 omne
1199 2570 1341 2673 fragore.

334 2685 536 2760 Semineces
553 2687 599 2758 ad
618 2706 766 2777 tenum,
791 2686 929 2757 inmani
949 2688 1049 2772 mole
1070 2705 1208 2776 secuta,

336 2802 555 2894 Confixique
576 2802 648 2874 suis
667 2802 768 2890 telis,
791 2819 826 2872 et
842 2820 989 2895 pectora
1004 2801 1098 2880 duro,

247 2969 258 2979 „.
334 2915 536 2988 Transfossi
556 2917 659 3013 ligno
675 2916 835 3002 veniunt
871 2916 933 2985 vix
953 2940 1047 2989 unus
1067 2914 1255 3007 Helenor,

335 3033 381 3103 Et
399 3032 517 3125 Lycus
537 3030 648 3102 elabsi
668 3059 676 3098 ι
707 3036 864 3122 quorum
885 3031 1089 3123 primaevus
1109 3030 1290 3122 Helenor²

334 3146 506 3218 Maeonio
524 3145 601 3244 regi
614 3169 727 3240 quern
746 3170 844 3217 serva
860 3144 1048 3240 Licymnia
1069 3143 1197 3235 furtim*-

335 3261 546 3352 Sustulerat‚
564 3260 755 3354 vetitisque
778 3259 824 3329 ad
841 3259 993 3347 Troiam
1011 3260 1152 3343 miserat
1172 3263 1298 3354 armis,

335 3380 429 3451 Ense
448 3377 535 3449 levis
554 3376 681 3464 nudo,
703 3400 898 3469 parmaque
919 3375 1092 3473 inglorius
1111 3375 1201 3448 alba.
1226 3419 1228 3423 ,

335 3493 445 3588 Isque
465 3492 528 3563 ubi
549 3516 585 3583 se
604 3491 720 3562 Turni
739 3488 858 3561 media
878 3492 969 3562 inter
988 3490 1102 3575 millia
1120 3490 1212 3563 vidit
1222 3544 1237 3587 ,ι

334 3609 433 3680 Hinc
452 3608 566 3696 acies,
589 3625 697 3699 atque
717 3606 801 3676 hinc
821 3605 912 3679 acies
932 3604 1067 3677 adstare
1088 3604 1231 3695 Latinas
1248 3636 1258 3688 ;

336 3724 385 3797 Ut
402 3722 493 3812 fera,
517 3749 608 3816 quae
627 3723 737 3794 densa
753 3738 950 3794 venantum
971 3738 1069 3814 septa
1091 3743 1224 3812 turona,

337 3838 471 3909 Contra
491 3839 561 3908 tela
580 3836 686 3927 furit,
708 3861 855 3929 seseque
870 3835 969 3906 haud
988 3835 1104 3914 nescia
1121 3834 1238 3923 morti

336 3953 485 4049 Injicit,
511 3969 545 4021 et
563 3954 656 4025 saltu
675 3975 779 4045 supra
795 3950 973 4032 venabula
992 3949 1101 4039 fertur
1109 3979 1118 4030 ;

336 4065 447 4138 Haud
467 4065 567 4136 aliter
579 4067 719 4163 juvenis
740 4065 882 4144 medios
900 4065 1095 4137 moriturus
1115 4065 1152 4133 in
1173 4063 1293 4150 hostis,

337 4181 475 4257 Inruit;
501 4197 555 4268 et,
579 4203 651 4272 qua
667 4180 739 4253 tela
756 4179 854 4250 videt
873 4178 1103 4269 densissima,
1123 4178 1253 4279 tendit.⁸

336 4296 386 4368 At
406 4296 561 4388 pedibus
579 4297 691 4393 longe¹
706 4294 836 4365 melior
855 4291 974 4388 Lycus
993 4295 1082 4367 inter
1101 4310 1135 4367 et
1151 4295 1285 4383 hostis,

339 4413 438 4482 Inter
452 4435 493 4488 ,et
512 4435 631 4501 arma,
654 4408 737 4509 fuga
756 4432 881 4481 muros
899 4426 1023 4499 tenet,
1041 4412 1184 4502 altaque
1204 4428 1310 4485 certat

339 4527 513 4598 Prendere
529 4544 619 4598 tecta
636 4550 771 4614 matur,
792 4523 1006 4618 sociumque
1023 4521 1203 4622 adtingere
1223 4524 1371 4617 dextras.

338 4641 464 4750 Quem
480 4642 647 4737 Turnus,
670 4642 799 4738 pariter
819 4661 926 4737 cursu
940 4641 1087 4755 teloque
1108 4659 1277 4735 secutus,¹
1294 4682 1300 4709 .·

1531 4380 1549 4443 Ι
