3750 6217
438 834 885 910 AENEIDOS
944 830 1098 908 lluv.
1148 858 1238 929 325.
1369 846 1443 929 147

246 1003 368 1074 Gloria
386 1000 619 1073 Teucrorum.
658 1002 751 1076 ferus
770 1004 894 1075 omnia
910 999 1076 1097 Juppiter
1097 998 1212 1097 Argos

243 1118 450 1190 Transtulit
489 1120 632 1191 incensa
653 1119 768 1191 Danai
788 1108 1024 1191 dominantur
1040 1118 1078 1189 in
1100 1116 1194 1187 urbe.
1263 1162 1266 1167 ·

122 1306 125 1313 ,
243 1217 386 1306 Arduus
403 1251 557 1305 armatos
576 1236 705 1309 mediis
726 1235 764 1305 in
784 1233 978 1305 moenibus
997 1214 1138 1306 adstans

244 1347 379 1421 Fundit
399 1372 535 1443 equus,
558 1349 742 1445 ¹victorque
759 1349 873 1421 Sinon
892 1349 1221 1438 incendia'miscety

246 1460 438 1537 insultans
474 1465 587 1558 portis
607 1447 666 1535 alii
688 1462 932 1561 bipatentibus
952 1465 1103 1554 adsunt,

243 1580 361 1650 Millia
381 1598 472 1672 quot
489 1582 627 1677 magnis
647 1604 824 1675 umquam
843 1604 968 1652 venere
990 1580 1178 1675 Mycenis:

243 1693 427 1767 Obsedere
447 1695 506 1765 alii
527 1697 604 1768 telis
625 1715 769 1795 angusta
789 1697 923 1774 viarum

244 1807 437 1906 Oppositi,
464 1828 529 1881 stat
549 1809 628 1881 feni
650 1813 742 1884 acies
763 1830 935 1905 mucrpne
957 1834 1105 1884 corusco

243 1925 381 2015 Stricta,
402 1944 519 2020 parata
538 1926 617 1997 neci
645 1953 652 1995 :
681 1928 744 1997 vix
760 1928 867 2021 primi
884 1928 1021 2021 proelia
1041 1934 1179 1997 tentant¹

244 2041 430 2113 Portarum
445 2042 593 2140 vigiles,
618 2062 653 2114 et
671 2068 776 2115 caeco
795 2041 907 2113 Mane
930 2043 1105 2114 resistunt.

245 2156 395 2229 Talibus
420 2156 622 2253 Othryadae
644 2159 747 2230 dictis
766 2173 800 2229 et
821 2159 973 2229 numine
993 2147 1119 2229 divdm
1140 2254 1142 2259 Ι

244 2264 290 2343 In
310 2272 475 2347 flammas
491 2291 527 2343 et
546 2274 583 2342 in
604 2274 699 2345 arma
719 2266 811 2344 feror
831 2302 838 2341 :
869 2292 945 2368 quo
962 2272 1066 2346 tristis
1089 2264 1264 2369 ErinnyS,

243 2386 331 2495 Quo
355 2388 517 2459 fremitus
534 2410 656 2477 vocat,
678 2409 714 2461 et
731 2389 890 2462 sublatus
907 2389 954 2460 ad
973 2389 1110 2460 aethera
1130 2391 1273 2460 clamor.

242 2500 394 2575 Addunt
417 2530 453 2575 se
475 2505 594 2576 socios
611 2502 797 2600 Ripheus,
820 2523 856 2577 et
875 2528 1067 2577 maxumus
1089 2502 1195 2576 annis

201 2599 205 2609 ¹
242 2616 384 2714 Epytus
408 2647 415 2686 :
447 2621 561 2690 oblati
584 2632 646 2713 per
672 2622 794 2690 lunam
816 2618 1053 2715 Hypanisque
1075 2619 1304 2717 Dymasque:

243 2732 289 2803 Et
314 2735 680 2835 lateriadglomerant
701 2751 824 2829 nostro
850 2763 859 2799 ·.
882 2724 1101 2833 juvenisque¹
1121 2723 1309 2807 Coroebus

243 2842 497 2945 Mygdonides.
544 2848 615 2923 illis
639 2850 684 2921 ad
701 2849 851 2949 Troiam
870 2848 962 2922 forte
986 2844 1113 2921 diebus

242 2960 422 3053 Venerat,
445 2965 572 3034 insano
593 2965 808 3037 Cassandrae
828 2965 991 3036 incensus
1013 2986 1156 3034 amore:

241 3077 288 3150 Et
310 3092 416 3175 gener
439 3078 611 3150 auxilium
634 3076 776 3150 Priamo
798 3079 1069 3177 Phrygibusque
1091 3076 1233 3148 ferebat.

241 3193 401 3282 Infelix,
421 3194 486 3288 qui
508 3218 586 3266 non
606 3206 761 3292 sponsae
783 3213 970 3291 praecepta
990 3192 1137 3265 furentis

241 3307 414 3380 Audierit.-

242 3418 350 3529 Quos
367 3418 432 3494 'ubi
453 3422 632 3499 confertos
655 3412 782 3498 audere
804 3427 843 3497 in
861 3425 998 3522 proelia
1016 3424 1091 3495 vidi
1109 3456 1118 3504 ;

242 3536 386 3633 Incipio
414 3559 521 3634 super
544 3531 626 3641 his:
651 3541 825 3633 Juvenes,
851 3541 1043 3613 fortissima
1067 3539 1189 3613 frustra

241 3648 411 3746 Pectora,
437 3656 466 3729 si
487 3657 593 3729 vobis
615 3658 812 3731 audentem
836 3676 993 3730 extrema
1016 3657 1153 3750 cupido

241 3769 344 3842 Certa
369 3770 497 3865 sequi,
521 3771 637 3866 (quae
658 3775 702 3846 sit
719 3773 825 3846 rebus
844 3772 987 3845 fortuna
1003 3772 1150 3844 videtisr'

241 3882 430 3956 Excessere
453 3910 580 3959 omnes
599 3888 713 3983 adytis
729 3890 868 3983 arisque
888 3888 1017 3959 relictis

242 3999 328 4089 Dii,
353 3999 488 4094 quibus
511 4002 705 4096 imperium
722 4005 793 4077 hoc
813 4010 974 4077 steterat:
997 3990 1192 4076 succurritis
1209 3990 1289 4071 urbi

243 4115 417 4186 Incensae
438 4143 446 4185 ι
474 4118 487 4211 )
505 4116 725 4209 moriamur,
747 4121 840 4191 etin
858 4118 977 4191 media
997 4144 1091 4191 arma
1112 4142 1265 4190 numus.

244 4228 324 4300 Una
351 4231 445 4303 salus
466 4232 585 4320 victls,
607 4226 747 4305 nullam
760 4258 904 4331 sperare
930 4238 1090 4309 salutem.

243 4332 299 4416 Sic
319 4346 448 4418 animis
460 4349 637 4445 juvenum
658 4347 756 4422 furor
778 4352 929 4424 additus
973 4342 1080 4441 inde,
1102 4350 1181 4445 lupi
1203 4374 1270 4423 ceu
1352 4404 1356 4409 -

243 4456 418 4555 Raptores
441 4483 512 4535 atra
531 4462 570 4534 in
591 4464 745 4555 nebula,
772 4486 866 4561 quos
886 4462 1040 4561 inproba
1058 4466 1187 4539 ventris

245 4574 370 4673 Exegit
389 4600 511 4651 caecos
528 4569 664 4670 rabies,
684 4571 865 4677 catulique
886 4578 998 4654 relicti

247 4688 422 4764 faucibus
439 4700 647 4789 exspectant
665 4696 790 4777 siccin
820 4723 885 4791 per
906 4698 1003 4788 tela,
1022 4714 1088 4794 per
1103 4695 1225 4770 hostes

1162 4810 1198 4881 T
1229 4834 1248 4885 a
