3750 6217
369 667 448 774 368
564 654 1392 777 atuerbosllr.v.1s3s

366 846 463 916 Hinc
481 843 542 914 alii
560 846 675 939 spolia
698 846 824 917 occisis
843 846 987 939 derepta
1010 844 1147 918 Latinis

367 960 578 1058 Conjiciunt
598 961 693 1057 igni;
717 963 854 1059 galeas,
878 960 1046 1055 ensisque
1063 960 1237 1049 decoros,

366 1075 575 1169 Frenaque,
597 1074 837 1169 ferventisque
858 1094 974 1153 rotast
994 1100 1074 1170 pars
1093 1100 1241 1147 munera
1259 1076 1371 1169 noti,
1413 1095 1416 1102 '

366 1183 537 1284 lqis‘olum
555 1190 714 1284 clipeos,
738 1202 773 1262 e't
790 1212 867 1261 non
885 1188 1000 1260 felicia
1017 1191 1096 1262 tela·

368 1305 485 1377 Multa
504 1306 622 1376 boum
644 1307 732 1376 circa
750 1303 950 1377 mactantur
967 1329 1116 1399 corpora
1134 1295 1267 1385 Morti:

366 1419 636 1517 Saetigerosque
657 1445 755 1510 sues,
777 1438 966 1514 raptasque
989 1444 1034 1489 ex
1058 1420 1232 1493 omnibus
1250 1422 1341 1521 agris

367 1531 413 1605 In
434 1528 621 1605 flammam
637 1537 805 1633 jugulant
822 1534 980 1630 pecudes
1003 1561 1012 1604 t
1041 1537 1120 1605 tum
1135 1536 1241 1606 litore
1260 1551 1341 1609 totu

367 1632 534 1721 Ardentis
553 1666 713 1744 spectant
731 1651 869 1740 socios,
894 1651 1136 1742 semiustaque
1156 1668 1293 1721 servant

367 1755 499 1845 Busta;
521 1787 642 1857 neque
663 1766 767 1835 avelli
787 1779 961 1859 possunt;
983 1788 1061 1834 nox
1075 1765 1226 1835 humida
1244 1765 1365 1838 donee

368 1878 517 1951 Invertit
536 1882 683 1951 coelum
704 1875 813 1952 stellis
835 1877 1054 1976 fulgentibus
1073 1880 1210 1973 aptum.

424 1994 501 2066 Nec
517 1996 639 2066 minus
660 2015 694 2068 et
714 1995 832 2066 miseri
851 1993 988 2065 diversa
1006 1994 1044 2063 in
1062 2012 1160 2088 parte
1182 1993 1300 2067 Latini

367 2097 582 2180 Innumeras
602 2128 756 2180 stnixere
773 2134 899 2203 pyras,
922 2127 959 2180 et
975 2132 1126 2203 corpora
1145 2110 1276 2203 partim

366 2220 484 2323 Multa
503 2223 619 2294 viriam
639 2243 746 2295 terrae
764 2222 967 2309 infodiunt,
989 2239 1181 2316 avectaque
1200 2225 1332 2318 partim

367 2336 561 2436 finitimos
579 2341 714 2410 tollunt
733 2335 771 2408 in
792 2360 911 2435 agros,
931 2338 1087 2431 urbique
1105 2338 1300 2411 remittunt·

367 2451 514 2553 Cetera,
536 2452 778 2547 confusaeque
798 2453 980 2549 ing'entem
999 2452 1117 2523 caedis
1135 2465 1323 2540 acervom,

365 2564 442 2638 Nec
462 2570 614 2637 numero
637 2593 703 2639 nec
721 2569 859 2637 honore
879 2569 1059 2645 cremant3
1081 2584 1169 2637 tunc
1188 2568 1352 2662 undique
1371 2571 1469 2643 vasti

366 2681 539 2754 Certatim
559 2683 686 2775 crebris
704 2683 897 2752 conlucent
917 2681 1060 2779 ignibus
1076 2681 1157 2778 agri.

366 2794 488 2867 Tertia
505 2798 571 2867 lux
591 2797 746 2894 gelidam
765 2797 869 2866 coelo
889 2796 1089 2866 dimoverat
1106 2796 1273 2866 umbram
1289 2821 1298 2866 s

364 2890 563 2984 Maerentes
579 2912 691 2983 altum
711 2912 864 2981 cinerem
883 2928 919 2981 et
937 2909 1086 2981 confusa
1103 2911 1254 2983 ruebant

365 3027 459 3100 Ossa
478 3027 592 3115 focis,
614 3026 816 3120 tepidoque
837 3025 1034 3095 onerabant
1051 3050 1173 3123 aggere
1191 3045 1308 3098 terme:

361 3127 445 3232 Jam
462 3167 545 3212 vero
565 3143 603 3210 in
621 3142 743 3229 tectis,
765 3140 969 3234 praedivitis
986 3140 1073 3210 urbe
1093 3140 1234 3230 Latini,

366 3257 581 3349 Praecipuus
600 3254 737 3351 fragor,
761 3270 795 3324 et
811 3256 910 3351 longi
930 3280 1011 3347 pars
1028 3256 1199 3323 maxuma
1218 3257 1342 3328 luctus·

367 3366 437 3443 Hic
458 3390 611 3458 matres,
635 3371 855 3461 miseraeque
875 3395 1007 3456 nurus,
1030 3365 1087 3438 hic
1106 3394 1181 3439 cara
1202 3389 1366 3443 sororum

367 3488 514 3558 Pectora
529 3502 781 3571 maerentum,
807 3485 983 3577 puerique
1004 3485 1210 3578 parentibus
1229 3486 1328 3575 orbi,

366 3603 498 3674 Dirum
517 3617 736 3672 exsecrantur
754 3599 916 3686 bellum,
942 3597 1131 3691 Turnique
1150 3601 1396 3692 hymenaeos:

366 3720 497 3813 lpsum
517 3717 646 3805 armis,
674 3718 867 3809 ipsumque
884 3714 1013 3811 jubent
1033 3715 1216 3785 decernere
1236 3713 1352 3794 ferro;

366 3834 441 3938 Qui
464 3858 614 3931 regnum
634 3832 776 3918 Italiae,
796 3845 830 3898 et
848 3832 987 3923 primos
1006 3830 1072 3901 sibi
1091 3848 1216 3922 poscat
1233 3831 1401 3905 honoresa

367 3950 531 4044 Ingravat
550 3950 635 4016 haec
657 3970 779 4017 saevus
800 3944 978 4033 DranceS,
1005 3946 1200 4036 solumque
1217 3947 1335 4016 vocati

365 4062 550 4149 Testatur,
576 4063 695 4135 solum
716 4060 818 4153 posci
840 4060 877 4127 in
897 4060 1086 4129 certamina
1106 4058 1283 4132 Turnum·

365 4175 482 4245 Multa
501 4170 609 4245 simul
629 4195 749 4245 contra
768 4175 869 4244 variis
889 4175 1058 4245 sententia
1078 4175 1179 4247 dictis

366 4292 435 4362 Pro
458 4291 606 4379 Turno,
628 4309 663 4363 et
683 4313 857 4387 magnum
877 4289 1018 4384 reginae
1037 4314 1175 4359 nomen
1196 4286 1413 4365 obumbrat:

364 4406 480 4477 Multa
497 4407 614 4476 virum
634 4407 769 4477 meritis
790 4422 959 4474 sustentat
979 4402 1073 4473 fama
1096 4406 1259 4498 tropaeis.

419 4521 501 4595 Hos
520 4523 612 4593 inter
631 4538 776 4610 motus,
797 4518 921 4590 medio
944 4520 982 4589 in
1003 4519 1169 4619 flagrante
1190 4522 1373 4612 tumultu,
