3750 6217
487 740 1010 813 GEORGIGON
1068 739 1156 810 111.
1215 763 1247 809 v.
1296 761 1387 831 qqo.
1443 730 1537 831 ‘89

336 902 426 973 Inde
445 928 564 997 neque
585 906 751 999 inpositis
769 909 892 978 ardent
908 907 1025 979 altaria
1041 905 1138 976 fibris
1152 936 1169 983 e

335 1020 410 1089 Nec
431 1044 598 1114 responsa
619 1040 739 1114 potest
758 1025 943 1095 consultus
961 1022 1104 1093 reddere
1123 1037 1217 1091 vates
1233 1045 1241 1085 r

333 1136 386 1206 Ac
404 1136 465 1205 vix
484 1137 662 1231 suppositi
683 1137 892 1235 tinguuntur
912 1138 1081 1234 sanguine
1102 1135 1229 1222 cultri,

334 1249 556 1343 Summaque
570 1254 691 1349 jejuna
709 1255 806 1324 sanie
828 1251 1019 1324 infuscatur
1038 1277 1148 1321 arena.

333 1365 430 1437 Hinc
450 1367 551 1438 laetis
570 1368 672 1436 vituli
690 1370 800 1465 volgo
818 1369 1023 1438 moriuntur
1042 1368 1078 1435 iu
1096 1364 1232 1452 herbiS,

334 1482 378 1552 Et
398 1482 512 1552 dulcis
530 1483 666 1553 animas
683 1486 790 1577 plena
807 1484 852 1553 ad
872 1482 1052 1575 praesepia
1070 1480 1232 1551 reddunt.

334 1595 431 1667 Hinc
448 1597 596 1668 canibus
616 1597 758 1670 blandis
776 1599 887 1669 rabies
904 1597 1022 1685 venit,
1043 1616 1078 1667 et
1097 1595 1211 1689 quatit
1230 1616 1351 1691 aegros

334 1711 459 1783 Tussis
478 1713 604 1783 anhela
624 1737 723 1802 sues,
747 1737 786 1783 ac
805 1712 965 1783 faucibus
983 1713 1080 1809 augit
1101 1710 1227 1783 obesis.

335 1826 480 1898 Labitur
499 1826 640 1915 infelix,
662 1829 860 1898 studiorum
880 1848 986 1921 atque
1005 1826 1185 1896 inmemor
1203 1822 1353 1912 herbae,

334 1938 460 2012 Victor
477 1968 613 2035 equus,
633 1942 822 2036 fontesque
842 1943 1024 2030 avertitur,
1044 1959 1080 2012 et
1099 1942 1191 2035 pede
1211 1958 1336 2010 terram

334 2056 461 2127 Crebra
481 2056 558 2127 ferit
578 2085 585 2124 :
616 2058 788 2131 demissae
807 2084 930 2130 aures:
962 2057 1113 2128 incertus
1132 2055 1269 2125 ibidem

333 2170 471 2249 Sudor:
493 2193 527 2242 et
548 2175 609 2243 ille
627 2175 777 2266 quidem
796 2173 976 2243 morituris
996 2171 1140 2269 frigidus
1161 2200 1168 2238 :
1199 2188 1270 2240 aret

333 2284 467 2377 Pellis,
488 2308 521 2357 et
539 2288 584 2356 arl
603 2307 736 2359 tactum
756 2290 912 2360 tractanti
934 2289 1020 2357 dura
1040 2287 1174 2358 resistit.

333 2398 429 2473 Haec
449 2422 528 2474 ante
547 2405 696 2474 exitium
716 2405 840 2498 primis
860 2404 947 2474 dant
967 2383 1065 2499 sigua
1082 2402 1218 2473 diebus.

332 2516 394 2587 Siu
414 2520 452 2587 in
473 2544 638 2612 processu
658 2519 779 2612 coepit
796 2518 995 2590 cnrdescere
1013 2517 1183 2605 morbuS,

332 2628 430 2702 Tum
451 2659 532 2704 vero
553 2634 712 2708 ardentes
731 2634 849 2722 oculi,
873 2654 979 2726 atque
999 2632 1169 2703 adtractus
1188 2630 1233 2700 ab
1250 2632 1324 2701 alto

332 2744 503 2839 Spiritus,
524 2748 702 2818 interdum
721 2749 855 2845 gemitu
872 2748 1004 2843 gravis,
1028 2747 1174 2839 imaque
1195 2746 1308 2842 longo

334 2858 401 2930 Ilia
420 2862 575 2957 singultu
595 2862 749 2933 tendunt
771 2890 778 2929 z
808 2863 835 2932 it
854 2862 998 2931 naribus
1014 2878 1085 2931 ater

333 2972 503 3070 Sanguis,
525 2993 560 3045 et
579 2976 737 3047 obsessas
756 2974 873 3047 fauces
893 2976 1024 3069 premit
1043 2998 1162 3067 aspera
1182 2972 1312 3070 lingua.

334 3084 473 3160 Profuit
492 3090 621 3161 inserto
643 3090 761 3161 latices
779 3089 964 3160 infundere
984 3111 1094 3160 cornu

333 3202 494 3275 Lenaeos
518 3232 525 3270 :
556 3229 597 3275 ea
615 3203 687 3275 visa
704 3206 796 3276 salus
816 3205 1052 3276 morientibus
1072 3226 1152 3273 uua.

332 3310 423 3388 Mox
444 3336 513 3389 erat
531 3319 632 3390 hocc'
653 3319 774 3413 ipsum
795 3321 927 3408 exitio,
955 3316 1128 3412 furiisque.
1145 3316 1263 3388 refecti

330 3432 532 3522 Ardebant,
559 3434 701 3527 ipsique
722 3459 823 3523 suos,
840 3437 916 3532 jam
938 3453 1052 3505 morte
1072 3434 1140 3503 sub
1159 3454 1273 3529 aegra,

331 3548 417 3640 (Dii
436 3550 585 3619 meliora
603 3550 698 3642 piis,
722 3575 949 3643 erroremque
968 3548 1132 3620 hostibus
1151 3548 1307 3639 issuml)

331 3661 506 3735 Discissos
523 3663 631 3735 nudis
647 3664 829 3735 laniabant
846 3664 1013 3736 dentibus
1032 3682 1132 3736 artus.

329 3772 420 3848 Ecce
438 3795 557 3848 autern
579 3777 669 3848 duro
690 3777 833 3851 fumans
853 3781 921 3851 sub
939 3802 1084 3851 vomere
1103 3798 1220 3849 taurus

332 3891 524 3980 Concidit,
551 3911 585 3962 et
603 3895 757 3964 mixtum
779 3896 918 3988 spumis
938 3896 1054 3965 vomit
1074 3919 1133 3964 ore
1154 3907 1340 3983 cruorem,

330 4002 591 4099 Extremosque
612 4007 680 4079 ciet
699 4010 861 4105 gemitus.
903 4011 929 4080 it
946 4010 1051 4082 tristis
1070 4029 1204 4097 arator,

331 4118 551 4192 Maerentem
570 4121 764 4220 abjungens
784 4122 929 4196 fraterna
947 4145 1062 4196 morte
1079 4128 1293 4222 juvencum:

330 4234 450 4329 Atque
472 4262 579 4332 opere
599 4237 637 4306 in
657 4238 780 4309 medio
800 4240 914 4309 defixa
932 4240 1101 4332 relinquit
1120 4257 1236 4310 aratra.

332 4346 418 4422 Non
437 4351 584 4423 umbrae
602 4353 755 4424 altorum
775 4378 992 4443 nemorum,
1021 4379 1098 4425 non
1114 4354 1241 4425 mollia
1259 4366 1413 4453 possunt

334 4463 431 4537 Prata
448 4492 591 4538 movere
611 4470 797 4559 animum,
822 4494 898 4541 non
918 4471 981 4564 qui
1001 4495 1065 4564 per
1085 4494 1165 4542 saxa
1183 4468 1331 4541 volutus

334 4578 457 4653 Purior
477 4585 604 4658 electro
625 4609 794 4683 campum
816 4587 906 4681 petit
926 4587 1069 4657 amnis:
1100 4584 1226 4683 at'ima

1236 4698 1277 4766 M
