3750 6217
795 797 1088 873 noune
1468 826 1546 897 Η,

407 987 497 1063 790.
529 965 684 1061 'suaque
702 983 854 1061 optuma
877 964 975 1038 facta.
1007 967 1083 1037 Alia
1100 964 1252 1039 laudatur
1269 993 1286 1039 e
1303 955 1418 1041 Seruio
1437 970 1549 1064 lectio,

340 1109 435 1182 quam
450 1085 538 1155 Med.
558 1084 626 1155 cod.
644 1083 794 1154 exbibete
807 1083 947 1154 secunda
956 1107 1078 1160 manu.·
1090 1100 1242 1176 tuaque,
1255 1101 1431 1179 optume,
1446 1084 1548 1159 facta.

344 1201 427 1271 Viris
454 1225 524 1270 eam
550 1201 736 1271 doctissimis
752 1200 881 1297 probari
907 1201 1011 1268 mimr.
1062 1199 1128 1269 Cur
1154 1201 1237 1269 enim
1261 1202 1295 1269 in
1319 1202 1406 1273 brevi
1424 1202 1483 1273 ltac
1506 1204 1552 1274 ad

339 1316 485 1385 Lausum
502 1315 681 1415 apostrophe
706 1315 751 1384 bis
775 1341 846 1386 eum
867 1314 1065 1412 compellaret
1085 1314 1203 1404 Poita,
1228 1332 1400 1408 optume,
1423 1335 1455 1388 et
1474 1341 1549 1388 mox

336 1432 480 1528 juvenis
500 1428 734 1503 memorande
757 1430 773 1500 Ρ
803 1431 950 1501 Praestat
968 1454 1037 1500 meo
1051 1454 1169 1500 semu.-
1194 1428 1282 1501 Non
1298 1430 1471 1524 equidem
1487 1451 1548 1504 tua

341 1563 493 1639 optuma
510 1544 622 1636 farm,
643 1563 777 1633 necte,
793 1545 936 1644 juvenis
950 1544 1207 1638 memorande,
1228 1544 1363 1619 silebo:
1385 1568 1421 1623 ut
1437 1573 1549 1621 nomen

339 1679 503 1759 utrumque
517 1642 574 1735 iuo
591 1682 719 1733 ametur
731 1661 871 1761 epitheto.

403 1798 492 1870 795.
524 1778 701 1872 Prorupit.
731 1778 790 1848 Sic
810 1777 935 1848 membr.
958 1796 1091 1850 nostrae.

403 1893 497 1984 823.
529 1892 654 1969 Subiit.
684 1893 732 1963 Et
748 1893 806 1963 boc
824 1919 941 1988 quoque
959 1896 991 1964 in
1010 1893 1134 1965 membr.
1153 1898 1278 1966 nostris.

400 2007 492 2091 870.
524 2010 607 2080 Imo
641 2010 679 2078 in
707 2007 823 2079 corde.
862 2010 920 2079 Sic
949 2009 1098 2081 hocloco
1127 2010 1295 2103 legendum
1322 2011 1429 2082 multis
1453 2012 1542 2083 codd.

337 2127 530 2212 auctoribus,
543 2145 575 2195 et
585 2125 708 2195 membr.
715 2126 810 2195 etiam
826 2126 951 2195 nostris.
971 2126 1102 2224 Irrepsit
1113 2128 1146 2196 in
1163 2128 1241 2196 alios
1253 2126 1341 2197 codd.
1352 2150 1457 2198 unoe
1475 2128 1550 2197 libri

337 2238 423 2307 XII.
448 2266 476 2310 v.
505 2238 596 2324 667.
615 2243 670 2311 ubi
681 2259 812 2338 propter
829 2241 1046 2339 oppositionem
1061 2242 1229 2311 multorum
1249 2259 1411 2330 motuum,
1433 2244 1545 2337 quibus

333 2354 430 2424 simul
456 2358 632 2424 concitatur
653 2353 911 2450 penurbaturqne
941 2354 1042 2420 Turni
1062 2358 1210 2439 animus,
1233 2352 1392 2448 praeferri
1417 2358 1540 2426 meruit.

335 2468 393 2536 Ex
415 2470 521 2537 eodem
545 2469 623 2537 libri
649 2468 735 2536 XII.
768 2467 834 2535 loeo
858 2465 918 2533 buc
944 2483 1095 2535 retractus
1110 2461 1183 2560 suit
1206 2489 1339 2554 versus,
1361 2492 1452 2561 quem
1476 2470 1545 2539 sola

337 2583 456 2652 amoris
478 2584 617 2670 mentio,
643 2608 663 2651 a
681 2582 836 2651 Mezentio
852 2579 972 2667 alieni,
998 2582 1099 2678 inepte
1120 2583 1271 2651 insertum
1277 2577 1384 2678 juisse
1393 2583 1543 2655 ostendit.

335 2696 505 2769 Praeterea
529 2700 615 2768 abest
639 2700 677 2769 ab
702 2697 826 2796 optimis
851 2695 1017 2766 codicibus.
1118 2679 1136 2777 J

319 2824 327 2841 “
398 2813 489 2883 881.
520 2812 717 2905 Volatque.
748 2813 805 2881 Sic
825 2811 921 2881 etiam
944 2815 1071 2884 membr.
1093 2829 1225 2884 nostrae.

395 2929 461 2999 XI.
498 2950 558 2999 21.
590 2925 767 3024 Segnisve.
798 2927 855 2997 Sic
871 2926 1037 2998 Medieeus
1052 2953 1072 2997 a
1078 2931 1190 3026 prima
1208 2952 1323 3006 manu;
1339 2929 1542 3027 quodmelius

334 3058 382 3112 est
400 3069 494 3140 quam
510 3041 714 3141 Segnisque.

395 3159 458 3231 80.
491 3157 687 3253 Sparsurus.
725 3159 783 3229 Sic
807 3160 901 3229 etiam
926 3157 1053 3228 membr.
1085 3177 1208 3230 nostrae
1237 3183 1307 3231 cum
1336 3160 1481 3231 Mediceo
1510 3178 1541 3232 et

334 3276 558 3370 antiquioribus
564 3271 638 3372 fere
656 3274 820 3350 omnibuse
842 3292 933 3344 recte.
973 3270 1088 3369 Confer
1102 3274 1145 3345 X.
1173 3295 1263 3368 519.

400 3410 489 3476 150.
520 3388 725 3461 Procubuit.
756 3391 814 3459 Sic
832 3389 959 3459 membr.
978 3407 1101 3461 nostrae
1121 3415 1191 3459 cum
1206 3390 1359 3461 Mediceo.

398 3525 487 3588 171.
500 3508 628 3600 Virgilio
639 3530 698 3577 non
713 3501 925 3601 satisfactura,
933 3505 1017 3600 quod
1027 3531 1134 3576 uersus
1148 3506 1198 3577 bie
1210 3506 1299 3599 longe
1313 3506 1539 3578 insulsissimus

333 3621 465 3692 diuersis
479 3625 557 3721 typis
572 3617 816 3717 excusussuerit
825 3651 837 3697 ;
849 3644 978 3717 prorsus
998 3622 1135 3718 expungi
1153 3622 1290 3691 debebat.

397 3737 484 3807 181.
516 3738 607 3807 Huic
635 3739 742 3808 versui
764 3738 862 3806 alium
889 3735 1112 3834 subjuncturus
1134 3732 1241 3829 fuisse
1265 3736 1392 3806 videtur
1415 3735 1537 3824 Poita,

333 3877 392 3948 quo
416 3856 600 3922 sententiam
621 3853 779 3951 expleret,
808 3876 887 3946 quae
908 3873 991 3919 nunc
1010 3849 1103 3934 biat,
1130 3874 1225 3943 quum
1246 3848 1373 3919 uerbum
1391 3846 1540 3941 perferre

332 3967 469 4066 subjecto
492 3991 548 4036 suo
574 3986 692 4036 careat.
740 3966 809 4036 Sed
835 3990 914 4061 puae
940 3965 982 4033 sit
1000 3987 1154 4060 personae
1177 3964 1328 4058 loquentis
1350 3989 1438 4033 mens
1461 3966 1540 4033 satis

326 4084 531 4181 perspicuum
563 4099 617 4150 est.
664 4080 791 4177 Heynio
818 4080 923 4169 placet
952 4079 1049 4172 legi:
1079 4074 1149 4148 Sed
1171 4094 1278 4176 gnato
1305 4077 1391 4148 haec
1420 4076 1539 4150 Manis

331 4196 482 4291 perferre
498 4195 564 4268 sub
583 4195 688 4266 imos.
1117 4274 1120 4281 ,

396 4335 486 4403 341.
519 4310 701 4381 Ferebant.
732 4311 791 4380 Sic
806 4311 932 4381 membr.
950 4328 1082 4381 nostrae.

397 4449 415 4518 3
426 4450 487 4522 59.
519 4426 608 4524 Regi
638 4425 853 4520 patriaeque.
885 4427 1071 4519 Legendum
1097 4426 1225 4497 uidetur
1244 4426 1315 4524 regi
1339 4425 1535 4520 patrique,

334 4569 390 4613 seu
406 4547 511 4641 potius
532 4543 676 4640 regique
693 4541 867 4635 patrique.
897 4542 1034 4613 Prorsus
1057 4543 1160 4614 aliena
1180 4560 1228 4614 est
1250 4542 1382 4637 patriae
1400 4541 1536 4611 mentio:

333 4660 499 4759 quodjam
521 4659 657 4732 ostendit
674 4656 830 4754 Heynius.
871 4700 878 4713 -
