<?xml version="1.0" encoding="UTF-8"?>
<!DOCTYPE html PUBLIC "-//W3C//DTD XHTML 1.0 Transitional//EN"
    "http://www.w3.org/TR/xhtml1/DTD/xhtml1-transitional.dtd">
<html xmlns="http://www.w3.org/1999/xhtml" xml:lang="en" lang="en">
 <head>
  <title>
</title>
<meta http-equiv="Content-Type" content="text/html;charset=utf-8" />
  <meta name='ocr-system' content='tesseract 3.04.00' />
  <meta name='ocr-capabilities' content='ocr_page ocr_carea ocr_par ocr_line ocrx_word'/>
</head>
<body>
  <div class='ocr_page' id='page_1' title='image "./publiivirgiliim00brungoog_0322.png"; bbox 0 0 3750 6217; ppageno 0'>
   <div class='ocr_carea' id='block_1_1' title="bbox 495 654 1535 807">
    <p class='ocr_par' dir='ltr' id='par_1_1' title="bbox 495 654 1535 807">
     <span class='ocr_line' id='line_1_1' title="bbox 495 654 1535 807; baseline 0.001 -22"><span class='ocrx_word' id='word_1_1' title='bbox 495 654 943 792; x_wconf 67' lang='lat' dir='ltr'>Aruernos</span> <span class='ocrx_word' id='word_1_2' title='bbox 999 683 1137 794; x_wconf 73' lang='lat' dir='ltr'>vrrl.</span> <span class='ocrx_word' id='word_1_3' title='bbox 1196 737 1229 786; x_wconf 78' lang='lat' dir='ltr'>v.</span> <span class='ocrx_word' id='word_1_4' title='bbox 1283 690 1374 794; x_wconf 73' lang='lat' dir='ltr'>siu</span> <span class='ocrx_word' id='word_1_5' title='bbox 1458 716 1535 807; x_wconf 69' lang='lat'>303</span> 
     </span>
    </p>
   </div>
   <div class='ocr_carea' id='block_1_2' title="bbox 272 868 1431 4670">
    <p class='ocr_par' dir='ltr' id='par_1_2' title="bbox 334 868 1289 972">
     <span class='ocr_line' id='line_1_2' title="bbox 334 868 1289 972; baseline -0.001 -21"><span class='ocrx_word' id='word_1_6' title='bbox 334 881 415 951; x_wconf 85' lang='lat' dir='ltr'>Una</span> <span class='ocrx_word' id='word_1_7' title='bbox 436 881 565 951; x_wconf 63' lang='lat' dir='ltr'>&#39;ornnes&#39;</span> <span class='ocrx_word' id='word_1_8' title='bbox 582 893 704 969; x_wconf 82' lang='lat' dir='ltr'>tuere,</span> <span class='ocrx_word' id='word_1_9' title='bbox 725 889 766 950; x_wconf 85' lang='lat' dir='ltr'>ac</span> <span class='ocrx_word' id='word_1_10' title='bbox 787 868 907 949; x_wconf 58' lang='lat' dir='ltr'>&#39;totuin</span> <span class='ocrx_word' id='word_1_11' title='bbox 928 876 1111 972; x_wconf 84' lang='lat' dir='ltr'>spumare,</span> <span class='ocrx_word' id='word_1_12' title='bbox 1134 877 1289 950; x_wconf 83' lang='lat' dir='ltr'>reductis</span> 
     </span>
    </p>

    <p class='ocr_par' dir='ltr' id='par_1_3' title="bbox 333 991 1326 1086">
     <span class='ocr_line' id='line_1_3' title="bbox 333 991 1326 1086; baseline -0.002 -20"><span class='ocrx_word' id='word_1_13' title='bbox 333 998 564 1066; x_wconf 76' lang='lat' dir='ltr'>Conuolsum</span> <span class='ocrx_word' id='word_1_14' title='bbox 586 997 694 1066; x_wconf 88' lang='lat' dir='ltr'>remis</span> <span class='ocrx_word' id='word_1_15' title='bbox 716 992 909 1086; x_wconf 81' lang='lat' dir='ltr'>rostrisque</span> <span class='ocrx_word' id='word_1_16' title='bbox 927 991 1160 1083; x_wconf 81' lang='lat' dir='ltr'>tridentibus,</span> <span class='ocrx_word' id='word_1_17' title='bbox 1181 1017 1326 1085; x_wconf 69' lang='lat' dir='ltr'>aequori</span> 
     </span>
    </p>

    <p class='ocr_par' dir='ltr' id='par_1_4' title="bbox 333 1090 1195 1228">
     <span class='ocr_line' id='line_1_4' title="bbox 333 1090 1195 1228; baseline -0.001 -46"><span class='ocrx_word' id='word_1_18' title='bbox 333 1106 440 1182; x_wconf 84' lang='lat' dir='ltr'>Alta</span> <span class='ocrx_word' id='word_1_19' title='bbox 432 1130 590 1214; x_wconf 79' lang='lat' dir='ltr'>petuntr</span> <span class='ocrx_word' id='word_1_20' title='bbox 582 1105 749 1228; x_wconf 82' lang='lat' dir='ltr'><strong>pelago</strong></span> <span class='ocrx_word' id='word_1_21' title='bbox 768 1090 913 1180; x_wconf 80' lang='lat' dir='ltr'>crerlas</span> <span class='ocrx_word' id='word_1_22' title='bbox 905 1126 1025 1178; x_wconf 81' lang='lat' dir='ltr'>innare</span> <span class='ocrx_word' id='word_1_23' title='bbox 1043 1111 1195 1182; x_wconf 80' lang='lat' dir='ltr'>revolsas</span> 
     </span>
    </p>

    <p class='ocr_par' dir='ltr' id='par_1_5' title="bbox 331 1218 1321 1334">
     <span class='ocr_line' id='line_1_5' title="bbox 331 1218 1321 1334; baseline 0.002 -39"><span class='ocrx_word' id='word_1_24' title='bbox 331 1226 531 1334; x_wconf 82' lang='lat' dir='ltr'>Cycladas,</span> <span class='ocrx_word' id='word_1_25' title='bbox 550 1238 610 1299; x_wconf 80' lang='lat' dir='ltr'>aut</span> <span class='ocrx_word' id='word_1_26' title='bbox 627 1218 772 1297; x_wconf 75' lang='lat' dir='ltr'>montes</span> <span class='ocrx_word' id='word_1_27' title='bbox 790 1233 994 1296; x_wconf 82' lang='lat' dir='ltr'>concurrere</span> <span class='ocrx_word' id='word_1_28' title='bbox 1012 1226 1201 1303; x_wconf 86' lang='lat' dir='ltr'>montibus</span> <span class='ocrx_word' id='word_1_29' title='bbox 1220 1226 1321 1297; x_wconf 86' lang='lat' dir='ltr'>a&#39;ltos</span> 
     </span>
    </p>

    <p class='ocr_par' dir='ltr' id='par_1_6' title="bbox 333 1325 1171 1434">
     <span class='ocr_line' id='line_1_6' title="bbox 333 1325 1171 1434; baseline -0.001 -22"><span class='ocrx_word' id='word_1_30' title='bbox 333 1325 449 1413; x_wconf 82' lang='lat' dir='ltr'>Tanta</span> <span class='ocrx_word' id='word_1_31' title='bbox 469 1327 571 1413; x_wconf 89' lang='lat' dir='ltr'>mole</span> <span class='ocrx_word' id='word_1_32' title='bbox 587 1329 652 1411; x_wconf 88' lang='lat' dir='ltr'>viti</span> <span class='ocrx_word' id='word_1_33' title='bbox 672 1340 802 1413; x_wconf 88' lang='lat' dir='ltr'>turritis</span> <span class='ocrx_word' id='word_1_34' title='bbox 822 1334 1039 1434; x_wconf 85' lang='lat' dir='ltr'>puppibus</span> <span class='ocrx_word' id='word_1_35' title='bbox 1030 1349 1171 1413; x_wconf 79' lang='lat' dir='ltr'>instant·</span> 
     </span>
    </p>

    <p class='ocr_par' dir='ltr' id='par_1_7' title="bbox 331 1448 1295 1552">
     <span class='ocr_line' id='line_1_7' title="bbox 331 1448 1295 1552; baseline -0.001 -24"><span class='ocrx_word' id='word_1_36' title='bbox 331 1456 493 1552; x_wconf 80' lang='lat' dir='ltr'>Stuppea</span> <span class='ocrx_word' id='word_1_37' title='bbox 511 1448 658 1527; x_wconf 90' lang='lat' dir='ltr'>flamma</span> <span class='ocrx_word' id='word_1_38' title='bbox 673 1465 785 1527; x_wconf 86' lang='lat' dir='ltr'>manu</span> <span class='ocrx_word' id='word_1_39' title='bbox 795 1452 980 1549; x_wconf 81' lang='lat' dir='ltr'>,telisque</span> <span class='ocrx_word' id='word_1_40' title='bbox 999 1453 1145 1527; x_wconf 89' lang='lat' dir='ltr'>volatile</span> <span class='ocrx_word' id='word_1_41' title='bbox 1165 1448 1295 1527; x_wconf 82' lang='lat' dir='ltr'>ferrum</span> 
     </span>
    </p>

    <p class='ocr_par' dir='ltr' id='par_1_8' title="bbox 334 1562 1299 1671">
     <span class='ocr_line' id='line_1_8' title="bbox 334 1562 1299 1671; baseline 0 -28"><span class='ocrx_word' id='word_1_42' title='bbox 334 1572 522 1671; x_wconf 81' lang='lat' dir='ltr'>Spargitur.</span> <span class='ocrx_word' id='word_1_43' title='bbox 559 1597 637 1644; x_wconf 88' lang='lat' dir='ltr'>arva</span> <span class='ocrx_word' id='word_1_44' title='bbox 657 1587 752 1643; x_wconf 85' lang='lat' dir='ltr'>nova</span> <span class='ocrx_word' id='word_1_45' title='bbox 772 1571 954 1665; x_wconf 81' lang='lat' dir='ltr'>Neptunia</span> <span class='ocrx_word' id='word_1_46' title='bbox 975 1570 1081 1641; x_wconf 86' lang='lat' dir='ltr'>caede</span> <span class='ocrx_word' id='word_1_47' title='bbox 1100 1562 1299 1644; x_wconf 71' lang='lat' dir='ltr'>rubescunti</span> 
     </span>
    </p>

    <p class='ocr_par' dir='ltr' id='par_1_9' title="bbox 272 1677 1239 1787">
     <span class='ocr_line' id='line_1_9' title="bbox 272 1677 1239 1787; baseline -0.001 -28"><span class='ocrx_word' id='word_1_48' title='bbox 272 1709 276 1713; x_wconf 74' lang='grc'><strong><em>’</em></strong></span> <span class='ocrx_word' id='word_1_49' title='bbox 334 1686 498 1787; x_wconf 87' lang='lat' dir='ltr'>Regina</span> <span class='ocrx_word' id='word_1_50' title='bbox 489 1712 527 1758; x_wconf 89' lang='lat' dir='ltr'>rn</span> <span class='ocrx_word' id='word_1_51' title='bbox 545 1677 674 1759; x_wconf 78' lang='lat' dir='ltr'>mediis</span> <span class='ocrx_word' id='word_1_52' title='bbox 694 1679 808 1782; x_wconf 84' lang='lat' dir='ltr'>patrio</span> <span class='ocrx_word' id='word_1_53' title='bbox 827 1705 930 1758; x_wconf 85' lang='lat' dir='ltr'>vocat</span> <span class='ocrx_word' id='word_1_54' title='bbox 949 1684 1092 1783; x_wconf 79' lang='lat' dir='ltr'>agmina</span> <span class='ocrx_word' id='word_1_55' title='bbox 1112 1689 1239 1760; x_wconf 72' lang='grc' dir='ltr'>ε’ἰεῐῑοὲ</span> 
     </span>
    </p>

    <p class='ocr_par' dir='ltr' id='par_1_10' title="bbox 335 1795 1383 2016">
     <span class='ocr_line' id='line_1_10' title="bbox 335 1795 1315 1910; baseline 0.003 -38"><span class='ocrx_word' id='word_1_56' title='bbox 335 1795 503 1873; x_wconf 86' lang='lat' dir='ltr'>Necdum</span> <span class='ocrx_word' id='word_1_57' title='bbox 522 1798 629 1875; x_wconf 88' lang='lat' dir='ltr'>etiarn</span> <span class='ocrx_word' id='word_1_58' title='bbox 648 1803 813 1901; x_wconf 81' lang='lat' dir='ltr'>geminos</span> <span class='ocrx_word' id='word_1_59' title='bbox 833 1828 852 1873; x_wconf 88' lang='lat' dir='ltr'>a</span> <span class='ocrx_word' id='word_1_60' title='bbox 872 1807 969 1900; x_wconf 83' lang='lat' dir='ltr'>ter&#39;g&#39;o</span> <span class='ocrx_word' id='word_1_61' title='bbox 988 1803 1131 1896; x_wconf 78' lang='lat' dir='ltr'>respicit</span> <span class='ocrx_word' id='word_1_62' title='bbox 1148 1805 1315 1910; x_wconf 86' lang='lat' dir='ltr'>anguis.</span> 
     </span>
     <span class='ocr_line' id='line_1_11' title="bbox 335 1902 1383 2016; baseline 0.002 -28.075"><span class='ocrx_word' id='word_1_63' title='bbox 335 1911 659 2016; x_wconf 76' lang='lat' dir='ltr'>omnigenumque</span> <span class='ocrx_word' id='word_1_64' title='bbox 675 1919 785 1989; x_wconf 80' lang='lat' dir='ltr'>deum</span> <span class='ocrx_word' id='word_1_65' title='bbox 804 1936 990 2014; x_wconf 84' lang='lat' dir='ltr'>monstra,</span> <span class='ocrx_word' id='word_1_66' title='bbox 1013 1930 1048 1988; x_wconf 84' lang='lat' dir='ltr'>et</span> <span class='ocrx_word' id='word_1_67' title='bbox 1066 1920 1208 1990; x_wconf 79' lang='lat' dir='ltr'>latrator</span> <span class='ocrx_word' id='word_1_68' title='bbox 1223 1902 1383 2010; x_wconf 80' lang='lat' dir='ltr'>Anubis3</span> 
     </span>
    </p>

    <p class='ocr_par' dir='ltr' id='par_1_11' title="bbox 335 2003 1431 2140">
     <span class='ocr_line' id='line_1_12' title="bbox 335 2003 1431 2140; baseline 0.003 -38"><span class='ocrx_word' id='word_1_69' title='bbox 335 2035 469 2104; x_wconf 80' lang='lat' dir='ltr'>Contra</span> <span class='ocrx_word' id='word_1_70' title='bbox 490 2032 728 2128; x_wconf 83' lang='lat' dir='ltr'>Neptunum,</span> <span class='ocrx_word' id='word_1_71' title='bbox 748 2053 783 2105; x_wconf 92' lang='lat' dir='ltr'>et</span> <span class='ocrx_word' id='word_1_72' title='bbox 798 2003 977 2103; x_wconf 76' lang='lat' dir='ltr'>Venerem</span> <span class='ocrx_word' id='word_1_73' title='bbox 985 2044 1209 2140; x_wconf 75' lang='lat' dir='ltr'>,contraque</span> <span class='ocrx_word' id='word_1_74' title='bbox 1229 2032 1431 2105; x_wconf 78' lang='lat' dir='ltr'>Minervam</span> 
     </span>
    </p>

    <p class='ocr_par' dir='ltr' id='par_1_12' title="bbox 335 2124 1300 2243">
     <span class='ocr_line' id='line_1_13' title="bbox 335 2124 1300 2243; baseline 0.002 -25"><span class='ocrx_word' id='word_1_75' title='bbox 335 2124 425 2219; x_wconf 80' lang='lat' dir='ltr'>Tela</span> <span class='ocrx_word' id='word_1_76' title='bbox 443 2144 576 2220; x_wconf 81' lang='lat' dir='ltr'>tenent.</span> <span class='ocrx_word' id='word_1_77' title='bbox 618 2149 725 2221; x_wconf 87' lang='lat' dir='ltr'>saevit</span> <span class='ocrx_word' id='word_1_78' title='bbox 744 2148 868 2219; x_wconf 88' lang='lat' dir='ltr'>medio</span> <span class='ocrx_word' id='word_1_79' title='bbox 890 2150 928 2218; x_wconf 89' lang='lat' dir='ltr'>in</span> <span class='ocrx_word' id='word_1_80' title='bbox 949 2129 1139 2243; x_wconf 86' lang='lat' dir='ltr'>certamine</span> <span class='ocrx_word' id='word_1_81' title='bbox 1159 2148 1300 2220; x_wconf 89' lang='lat' dir='ltr'>Mavors</span> 
     </span>
    </p>

    <p class='ocr_par' dir='ltr' id='par_1_13' title="bbox 336 2251 1267 2358">
     <span class='ocr_line' id='line_1_14' title="bbox 336 2251 1267 2358; baseline 0 -24"><span class='ocrx_word' id='word_1_82' title='bbox 336 2260 501 2335; x_wconf 81' lang='lat' dir='ltr'>Caelatus</span> <span class='ocrx_word' id='word_1_83' title='bbox 521 2251 630 2355; x_wconf 82' lang='lat' dir='ltr'>ferro,</span> <span class='ocrx_word' id='word_1_84' title='bbox 652 2265 838 2358; x_wconf 70' lang='lat' dir='ltr'>tristesque</span> <span class='ocrx_word' id='word_1_85' title='bbox 859 2287 904 2334; x_wconf 88' lang='lat' dir='ltr'>ex</span> <span class='ocrx_word' id='word_1_86' title='bbox 922 2257 1059 2334; x_wconf 77' lang='lat' dir='ltr'>aethere</span> <span class='ocrx_word' id='word_1_87' title='bbox 1078 2260 1208 2345; x_wconf 79' lang='lat' dir='ltr'>Dirae3</span> <span class='ocrx_word' id='word_1_88' title='bbox 1265 2279 1267 2284; x_wconf 85' lang='lat'>&#39;</span> 
     </span>
    </p>

    <p class='ocr_par' dir='ltr' id='par_1_14' title="bbox 335 2373 1130 2477">
     <span class='ocr_line' id='line_1_15' title="bbox 335 2373 1130 2477; baseline 0 -29"><span class='ocrx_word' id='word_1_89' title='bbox 335 2379 379 2449; x_wconf 84' lang='lat' dir='ltr'>Et</span> <span class='ocrx_word' id='word_1_90' title='bbox 398 2373 501 2451; x_wconf 90' lang='lat' dir='ltr'>scissa</span> <span class='ocrx_word' id='word_1_91' title='bbox 519 2379 675 2477; x_wconf 80' lang='lat' dir='ltr'>gaudens</span> <span class='ocrx_word' id='word_1_92' title='bbox 694 2375 792 2450; x_wconf 89' lang='lat' dir='ltr'>vadit</span> <span class='ocrx_word' id='word_1_93' title='bbox 812 2379 998 2449; x_wconf 88' lang='lat' dir='ltr'>Discordia</span> <span class='ocrx_word' id='word_1_94' title='bbox 1015 2373 1130 2473; x_wconf 62' lang='lat' dir='ltr'>p‘allat</span> 
     </span>
    </p>

    <p class='ocr_par' dir='ltr' id='par_1_15' title="bbox 335 2494 1396 2599">
     <span class='ocr_line' id='line_1_16' title="bbox 335 2494 1396 2599; baseline 0.002 -35"><span class='ocrx_word' id='word_1_95' title='bbox 335 2495 458 2599; x_wconf 80' lang='lat' dir='ltr'>Quam</span> <span class='ocrx_word' id='word_1_96' title='bbox 477 2519 561 2565; x_wconf 86' lang='lat' dir='ltr'>curn</span> <span class='ocrx_word' id='word_1_97' title='bbox 581 2495 775 2593; x_wconf 89' lang='lat' dir='ltr'>sanguineo</span> <span class='ocrx_word' id='word_1_98' title='bbox 797 2494 957 2590; x_wconf 76' lang='lat' dir='ltr'>sequitur</span> <span class='ocrx_word' id='word_1_99' title='bbox 974 2494 1122 2582; x_wconf 76' lang='lat' dir='ltr'>Bellona</span> <span class='ocrx_word' id='word_1_100' title='bbox 1142 2494 1293 2595; x_wconf 74' lang='lat' dir='ltr'>flagello:</span> <span class='ocrx_word' id='word_1_101' title='bbox 1394 2507 1396 2510; x_wconf 82' lang='grc'><strong>’</strong></span> 
     </span>
    </p>

    <p class='ocr_par' dir='ltr' id='par_1_16' title="bbox 335 2599 1251 2705">
     <span class='ocr_line' id='line_1_17' title="bbox 335 2599 1251 2705; baseline 0.001 -26.009"><span class='ocrx_word' id='word_1_102' title='bbox 335 2610 457 2681; x_wconf 78' lang='lat' dir='ltr'>Actius</span> <span class='ocrx_word' id='word_1_103' title='bbox 476 2610 587 2681; x_wconf 85' lang='lat' dir='ltr'>haec</span> <span class='ocrx_word' id='word_1_104' title='bbox 581 2614 726 2682; x_wconf 84' lang='lat' dir='ltr'>cerneris</span> <span class='ocrx_word' id='word_1_105' title='bbox 746 2629 866 2681; x_wconf 85' lang='lat' dir='ltr'>arcum</span> <span class='ocrx_word' id='word_1_106' title='bbox 887 2599 1095 2679; x_wconf 80' lang='lat' dir='ltr'>intendebat</span> <span class='ocrx_word' id='word_1_107' title='bbox 1114 2608 1251 2705; x_wconf 77' lang='lat' dir='ltr'>Apollo</span> 
     </span>
    </p>

    <p class='ocr_par' dir='ltr' id='par_1_17' title="bbox 335 2719 1292 2823">
     <span class='ocr_line' id='line_1_18' title="bbox 335 2719 1292 2823; baseline 0 -27"><span class='ocrx_word' id='word_1_108' title='bbox 335 2724 523 2819; x_wconf 81' lang='lat' dir='ltr'>Desuper.</span> <span class='ocrx_word' id='word_1_109' title='bbox 555 2724 676 2797; x_wconf 87' lang='lat' dir='ltr'>omnis</span> <span class='ocrx_word' id='word_1_110' title='bbox 696 2748 739 2795; x_wconf 89' lang='lat' dir='ltr'>eo</span> <span class='ocrx_word' id='word_1_111' title='bbox 761 2719 888 2799; x_wconf 79' lang='lat' dir='ltr'>terrore</span> <span class='ocrx_word' id='word_1_112' title='bbox 909 2721 1111 2823; x_wconf 77' lang='lat' dir='ltr'>Aeg&#39;yptuS,</span> <span class='ocrx_word' id='word_1_113' title='bbox 1132 2744 1167 2796; x_wconf 88' lang='lat' dir='ltr'>et</span> <span class='ocrx_word' id='word_1_114' title='bbox 1186 2725 1292 2817; x_wconf 85' lang='lat' dir='ltr'>Indi3</span> 
     </span>
    </p>

    <p class='ocr_par' dir='ltr' id='par_1_18' title="bbox 336 2819 1229 2937">
     <span class='ocr_line' id='line_1_19' title="bbox 336 2819 1229 2937; baseline -0.002 -26"><span class='ocrx_word' id='word_1_115' title='bbox 336 2840 469 2911; x_wconf 89' lang='lat' dir='ltr'>Omnis</span> <span class='ocrx_word' id='word_1_116' title='bbox 490 2833 651 2929; x_wconf 82' lang='lat' dir='ltr'>Arabs,</span> <span class='ocrx_word' id='word_1_117' title='bbox 643 2837 771 2911; x_wconf 81' lang='lat' dir='ltr'>ornnes</span> <span class='ocrx_word' id='word_1_118' title='bbox 788 2840 971 2912; x_wconf 89' lang='lat' dir='ltr'>vertebant</span> <span class='ocrx_word' id='word_1_119' title='bbox 987 2858 1080 2937; x_wconf 87' lang='lat' dir='ltr'>terga</span> <span class='ocrx_word' id='word_1_120' title='bbox 1097 2819 1229 2913; x_wconf 80' lang='lat' dir='ltr'>Sabaei.</span> 
     </span>
    </p>

    <p class='ocr_par' dir='ltr' id='par_1_19' title="bbox 339 2941 1042 3053">
     <span class='ocr_line' id='line_1_20' title="bbox 339 2941 1042 3053; baseline 0.001 -29"><span class='ocrx_word' id='word_1_121' title='bbox 339 2956 421 3049; x_wconf 85' lang='lat' dir='ltr'>lpsa</span> <span class='ocrx_word' id='word_1_122' title='bbox 438 2947 625 3025; x_wconf 75' lang='lat' dir='ltr'>ridebatur</span> <span class='ocrx_word' id='word_1_123' title='bbox 643 2955 756 3027; x_wconf 75' lang='lat' dir='ltr'>&#39;tentis</span> <span class='ocrx_word' id='word_1_124' title='bbox 751 2956 891 3053; x_wconf 82' lang='lat' dir='ltr'>r&#39;egin&#39;a</span> <span class='ocrx_word' id='word_1_125' title='bbox 908 2941 1042 3026; x_wconf 72' lang='lat' dir='ltr'>⁴uocatis</span> 
     </span>
    </p>

    <p class='ocr_par' dir='ltr' id='par_1_20' title="bbox 335 3040 1307 3185">
     <span class='ocr_line' id='line_1_21' title="bbox 335 3040 1307 3185; baseline -0.003 -42"><span class='ocrx_word' id='word_1_126' title='bbox 335 3069 428 3143; x_wconf 89' lang='lat' dir='ltr'>Vela</span> <span class='ocrx_word' id='word_1_127' title='bbox 448 3069 551 3159; x_wconf 88' lang='lat' dir='ltr'>dare,</span> <span class='ocrx_word' id='word_1_128' title='bbox 572 3089 608 3142; x_wconf 92' lang='lat' dir='ltr'>et</span> <span class='ocrx_word' id='word_1_129' title='bbox 626 3040 756 3142; x_wconf 87' lang='lat' dir='ltr'>laxos</span> <span class='ocrx_word' id='word_1_130' title='bbox 742 3071 984 3185; x_wconf 70' lang='lat' dir='ltr'>jamjamque</span> <span class='ocrx_word' id='word_1_131' title='bbox 1005 3047 1183 3171; x_wconf 77' lang='lat' dir='ltr'>inmittere</span> <span class='ocrx_word' id='word_1_132' title='bbox 1202 3041 1307 3143; x_wconf 67' lang='lat' dir='ltr'>funiss</span> 
     </span>
    </p>

    <p class='ocr_par' dir='ltr' id='par_1_21' title="bbox 337 3183 1178 3284">
     <span class='ocr_line' id='line_1_22' title="bbox 337 3183 1178 3284; baseline 0 -29"><span class='ocrx_word' id='word_1_133' title='bbox 337 3185 470 3256; x_wconf 90' lang='lat' dir='ltr'>Illam</span> <span class='ocrx_word' id='word_1_134' title='bbox 461 3204 551 3284; x_wconf 84' lang='lat' dir='ltr'>mter</span> <span class='ocrx_word' id='word_1_135' title='bbox 570 3185 694 3257; x_wconf 90' lang='lat' dir='ltr'>caedes</span> <span class='ocrx_word' id='word_1_136' title='bbox 713 3187 909 3279; x_wconf 82' lang='lat' dir='ltr'>pallentem</span> <span class='ocrx_word' id='word_1_137' title='bbox 929 3202 1046 3256; x_wconf 90' lang='lat' dir='ltr'>morte</span> <span class='ocrx_word' id='word_1_138' title='bbox 1062 3183 1178 3255; x_wconf 83' lang='lat' dir='ltr'>futura</span> 
     </span>
    </p>

    <p class='ocr_par' dir='ltr' id='par_1_22' title="bbox 333 3286 1165 3400">
     <span class='ocr_line' id='line_1_23' title="bbox 333 3286 1165 3400; baseline -0.001 -30"><span class='ocrx_word' id='word_1_139' title='bbox 333 3301 476 3373; x_wconf 83' lang='lat' dir='ltr'>Fecei&#39;alt</span> <span class='ocrx_word' id='word_1_140' title='bbox 497 3299 709 3400; x_wconf 79' lang='lat' dir='ltr'>Ignipotens</span> <span class='ocrx_word' id='word_1_141' title='bbox 730 3297 838 3372; x_wconf 89' lang='lat' dir='ltr'>undis</span> <span class='ocrx_word' id='word_1_142' title='bbox 858 3319 892 3371; x_wconf 90' lang='lat' dir='ltr'>et</span> <span class='ocrx_word' id='word_1_143' title='bbox 911 3286 1045 3399; x_wconf 80' lang='lat' dir='ltr'>lap&#39;yge&#39;</span> <span class='ocrx_word' id='word_1_144' title='bbox 1065 3297 1165 3381; x_wconf 80' lang='lat' dir='ltr'>fe&#39;rr&#39;i3&#39;</span> 
     </span>
    </p>

    <p class='ocr_par' dir='ltr' id='par_1_23' title="bbox 337 3404 1343 3516">
     <span class='ocr_line' id='line_1_24' title="bbox 337 3404 1343 3516; baseline 0.001 -30"><span class='ocrx_word' id='word_1_145' title='bbox 337 3415 473 3488; x_wconf 90' lang='lat' dir='ltr'>Contra</span> <span class='ocrx_word' id='word_1_146' title='bbox 491 3415 643 3489; x_wconf 76' lang='lat' dir='ltr'>autem</span> <span class='ocrx_word' id='word_1_147' title='bbox 632 3429 765 3516; x_wconf 87' lang='lat' dir='ltr'>magno</span> <span class='ocrx_word' id='word_1_148' title='bbox 786 3417 1004 3487; x_wconf 85' lang='lat' dir='ltr'>maerentem</span> <span class='ocrx_word' id='word_1_149' title='bbox 1024 3436 1173 3509; x_wconf 88' lang='lat' dir='ltr'>corpore</span> <span class='ocrx_word' id='word_1_150' title='bbox 1193 3404 1343 3506; x_wconf 76' lang='lat' dir='ltr'>Nilum,</span> 
     </span>
    </p>

    <p class='ocr_par' dir='ltr' id='par_1_24' title="bbox 337 3531 1245 3627">
     <span class='ocr_line' id='line_1_25' title="bbox 337 3531 1245 3627; baseline 0.001 -26"><span class='ocrx_word' id='word_1_151' title='bbox 337 3531 678 3627; x_wconf 85' lang='lat' dir='ltr'>Pandentemque</span> <span class='ocrx_word' id='word_1_152' title='bbox 653 3555 774 3622; x_wconf 89' lang='lat' dir='ltr'>srnus,</span> <span class='ocrx_word' id='word_1_153' title='bbox 798 3550 834 3602; x_wconf 90' lang='lat' dir='ltr'>et</span> <span class='ocrx_word' id='word_1_154' title='bbox 851 3539 925 3602; x_wconf 84' lang='lat' dir='ltr'>&#39;tota</span> <span class='ocrx_word' id='word_1_155' title='bbox 942 3548 1038 3603; x_wconf 85' lang='lat' dir='ltr'>veste</span> <span class='ocrx_word' id='word_1_156' title='bbox 1056 3535 1245 3602; x_wconf 71' lang='lat' dir='ltr'>vocantem</span> 
     </span>
    </p>

    <p class='ocr_par' dir='ltr' id='par_1_25' title="bbox 337 3643 1401 3747">
     <span class='ocr_line' id='line_1_26' title="bbox 337 3643 1401 3747; baseline 0.001 -30"><span class='ocrx_word' id='word_1_157' title='bbox 337 3647 548 3719; x_wconf 87' lang='lat' dir='ltr'>Caeruleum</span> <span class='ocrx_word' id='word_1_158' title='bbox 567 3649 605 3722; x_wconf 90' lang='lat' dir='ltr'>ln</span> <span class='ocrx_word' id='word_1_159' title='bbox 623 3648 821 3747; x_wconf 90' lang='lat' dir='ltr'>gremium,</span> <span class='ocrx_word' id='word_1_160' title='bbox 841 3643 1088 3742; x_wconf 85' lang='lat' dir='ltr'>latebiosa&#39;que</span> <span class='ocrx_word' id='word_1_161' title='bbox 1108 3645 1259 3718; x_wconf 87' lang='lat' dir='ltr'>flumina</span> <span class='ocrx_word' id='word_1_162' title='bbox 1277 3648 1401 3722; x_wconf 65' lang='lat' dir='ltr'>viciosi</span> 
     </span>
    </p>

    <p class='ocr_par' dir='ltr' id='par_1_26' title="bbox 337 3761 1307 3858">
     <span class='ocr_line' id='line_1_27' title="bbox 337 3761 1307 3858; baseline 0.001 -26"><span class='ocrx_word' id='word_1_163' title='bbox 337 3763 384 3833; x_wconf 85' lang='lat' dir='ltr'>At</span> <span class='ocrx_word' id='word_1_164' title='bbox 404 3761 550 3851; x_wconf 89' lang='lat' dir='ltr'>Caesar,</span> <span class='ocrx_word' id='word_1_165' title='bbox 574 3764 706 3858; x_wconf 85' lang='lat' dir='ltr'>triplici</span> <span class='ocrx_word' id='word_1_166' title='bbox 727 3762 885 3836; x_wconf 79' lang='lat' dir='ltr'>invectus</span> <span class='ocrx_word' id='word_1_167' title='bbox 904 3761 1070 3833; x_wconf 85' lang='lat' dir='ltr'>Romana</span> <span class='ocrx_word' id='word_1_168' title='bbox 1089 3762 1273 3855; x_wconf 86' lang='lat' dir='ltr'>triumpho</span> <span class='ocrx_word' id='word_1_169' title='bbox 1304 3761 1307 3768; x_wconf 79' lang='grc'><strong>’</strong></span> 
     </span>
    </p>

    <p class='ocr_par' dir='ltr' id='par_1_27' title="bbox 338 3872 1267 3971">
     <span class='ocr_line' id='line_1_28' title="bbox 338 3872 1267 3971; baseline 0.004 -27"><span class='ocrx_word' id='word_1_170' title='bbox 338 3877 506 3966; x_wconf 80' lang='lat' dir='ltr'>Moenia,</span> <span class='ocrx_word' id='word_1_171' title='bbox 531 3875 598 3949; x_wconf 88' lang='lat' dir='ltr'>dlis</span> <span class='ocrx_word' id='word_1_172' title='bbox 616 3878 715 3951; x_wconf 84' lang='lat' dir='ltr'>Italis</span> <span class='ocrx_word' id='word_1_173' title='bbox 734 3880 861 3950; x_wconf 88' lang='lat' dir='ltr'>votum</span> <span class='ocrx_word' id='word_1_174' title='bbox 882 3872 1267 3971; x_wconf 78' lang='lat' dir='ltr'>inmortale‘sacrabat3</span> 
     </span>
    </p>

    <p class='ocr_par' dir='ltr' id='par_1_28' title="bbox 337 3983 1264 4089">
     <span class='ocr_line' id='line_1_29' title="bbox 337 3983 1264 4089; baseline 0.001 -28"><span class='ocrx_word' id='word_1_175' title='bbox 337 3991 508 4067; x_wconf 65' lang='lat' dir='ltr'>Maxuma</span> <span class='ocrx_word' id='word_1_176' title='bbox 527 4007 724 4062; x_wconf 88' lang='lat' dir='ltr'>tercentum</span> <span class='ocrx_word' id='word_1_177' title='bbox 744 4003 859 4064; x_wconf 86' lang='lat' dir='ltr'>totarr&#39;r</span> <span class='ocrx_word' id='word_1_178' title='bbox 880 3983 1026 4065; x_wconf 82' lang='lat' dir='ltr'>delubra</span> <span class='ocrx_word' id='word_1_179' title='bbox 1045 4006 1110 4089; x_wconf 89' lang='lat' dir='ltr'>per</span> <span class='ocrx_word' id='word_1_180' title='bbox 1128 3990 1264 4063; x_wconf 84' lang='lat' dir='ltr'>urbem.¹</span> 
     </span>
    </p>

    <p class='ocr_par' dir='ltr' id='par_1_29' title="bbox 337 4090 1225 4202">
     <span class='ocr_line' id='line_1_30' title="bbox 337 4090 1225 4202; baseline 0.002 -25"><span class='ocrx_word' id='word_1_181' title='bbox 337 4105 486 4177; x_wconf 85' lang='lat' dir='ltr'>Laetitia</span> <span class='ocrx_word' id='word_1_182' title='bbox 504 4090 673 4198; x_wconf 75' lang='lat' dir='ltr'>ludisque</span> <span class='ocrx_word' id='word_1_183' title='bbox 693 4108 769 4177; x_wconf 86' lang='lat' dir='ltr'>viae</span> <span class='ocrx_word' id='word_1_184' title='bbox 786 4111 989 4202; x_wconf 73' lang='lat' dir='ltr'>plausuque</span> <span class='ocrx_word' id='word_1_185' title='bbox 1007 4094 1225 4181; x_wconf 83' lang='lat' dir='ltr'>fremebant:</span> 
     </span>
    </p>

    <p class='ocr_par' dir='ltr' id='par_1_30' title="bbox 338 4213 1416 4314">
     <span class='ocr_line' id='line_1_31' title="bbox 338 4213 1416 4314; baseline 0.002 -20"><span class='ocrx_word' id='word_1_186' title='bbox 338 4213 523 4294; x_wconf 81' lang='lat' dir='ltr'>Omnibus</span> <span class='ocrx_word' id='word_1_187' title='bbox 543 4222 581 4291; x_wconf 91' lang='lat' dir='ltr'>in</span> <span class='ocrx_word' id='word_1_188' title='bbox 599 4222 745 4314; x_wconf 86' lang='lat' dir='ltr'>templis</span> <span class='ocrx_word' id='word_1_189' title='bbox 766 4236 920 4295; x_wconf 87' lang='lat' dir='ltr'>matrum</span> <span class='ocrx_word' id='word_1_190' title='bbox 940 4214 1067 4297; x_wconf 87' lang='lat' dir='ltr'>clrorus</span> <span class='ocrx_word' id='word_1_191' title='bbox 1089 4254 1097 4293; x_wconf 91' lang='lat'>:</span> <span class='ocrx_word' id='word_1_192' title='bbox 1128 4220 1297 4298; x_wconf 86' lang='lat' dir='ltr'>omnibus</span> <span class='ocrx_word' id='word_1_193' title='bbox 1317 4233 1416 4297; x_wconf 81' lang='lat' dir='ltr'>aiae:</span> 
     </span>
    </p>

    <p class='ocr_par' dir='ltr' id='par_1_31' title="bbox 336 4325 1112 4437">
     <span class='ocr_line' id='line_1_32' title="bbox 336 4325 1112 4437; baseline 0.006 -31"><span class='ocrx_word' id='word_1_194' title='bbox 336 4337 429 4407; x_wconf 84' lang='lat' dir='ltr'>Ante</span> <span class='ocrx_word' id='word_1_195' title='bbox 449 4348 522 4409; x_wconf 82' lang='lat' dir='ltr'>aras</span> <span class='ocrx_word' id='word_1_196' title='bbox 541 4348 667 4409; x_wconf 83' lang='lat' dir='ltr'>terram</span> <span class='ocrx_word' id='word_1_197' title='bbox 689 4337 778 4409; x_wconf 82' lang='lat' dir='ltr'>caesi</span> <span class='ocrx_word' id='word_1_198' title='bbox 799 4339 944 4411; x_wconf 81' lang='lat' dir='ltr'>stravere</span> <span class='ocrx_word' id='word_1_199' title='bbox 958 4325 1112 4437; x_wconf 86' lang='lat' dir='ltr'>juvenci.</span> 
     </span>
    </p>

    <p class='ocr_par' dir='ltr' id='par_1_32' title="bbox 339 4442 1253 4546">
     <span class='ocr_line' id='line_1_33' title="bbox 339 4442 1253 4546; baseline 0.005 -25"><span class='ocrx_word' id='word_1_200' title='bbox 339 4451 445 4546; x_wconf 90' lang='lat' dir='ltr'>Ipse,</span> <span class='ocrx_word' id='word_1_201' title='bbox 466 4453 592 4525; x_wconf 84' lang='lat' dir='ltr'>sedens</span> <span class='ocrx_word' id='word_1_202' title='bbox 612 4453 719 4524; x_wconf 91' lang='lat' dir='ltr'>niveo</span> <span class='ocrx_word' id='word_1_203' title='bbox 739 4453 922 4528; x_wconf 87' lang='lat' dir='ltr'>candentis</span> <span class='ocrx_word' id='word_1_204' title='bbox 943 4458 1068 4528; x_wconf 90' lang='lat' dir='ltr'>limine</span> <span class='ocrx_word' id='word_1_205' title='bbox 1090 4442 1253 4545; x_wconf 87' lang='lat' dir='ltr'>Phoebi,</span> 
     </span>
    </p>

    <p class='ocr_par' dir='ltr' id='par_1_33' title="bbox 339 4553 1325 4670">
     <span class='ocr_line' id='line_1_34' title="bbox 339 4553 1325 4670; baseline 0.008 -34"><span class='ocrx_word' id='word_1_206' title='bbox 339 4564 447 4638; x_wconf 86' lang='lat' dir='ltr'>Dona</span> <span class='ocrx_word' id='word_1_207' title='bbox 465 4570 687 4670; x_wconf 79' lang='lat' dir='ltr'>recognoseit</span> <span class='ocrx_word' id='word_1_208' title='bbox 706 4553 951 4666; x_wconf 84' lang='lat' dir='ltr'>populorum,</span> <span class='ocrx_word' id='word_1_209' title='bbox 975 4578 1143 4668; x_wconf 82' lang='lat' dir='ltr'>aptatque</span> <span class='ocrx_word' id='word_1_210' title='bbox 1163 4573 1325 4666; x_wconf 85' lang='lat' dir='ltr'>superbis</span> 
     </span>
    </p>
   </div>
   <div class='ocr_carea' id='block_1_3' title="bbox 1025 4685 1279 4791">
    <p class='ocr_par' dir='ltr' id='par_1_34' title="bbox 1025 4685 1279 4791">
     <span class='ocr_line' id='line_1_35' title="bbox 1025 4685 1279 4791; baseline 0.035 -41"><span class='ocrx_word' id='word_1_211' title='bbox 1025 4719 1030 4750; x_wconf 78' lang='grc' dir='ltr'>ι</span> <span class='ocrx_word' id='word_1_212' title='bbox 1150 4685 1279 4791; x_wconf 82' lang='lat' dir='ltr'>Qqs</span> 
     </span>
    </p>
   </div>
   <div class='ocr_carea' id='block_1_4' title="bbox 1463 3749 1472 3784">
    <p class='ocr_par' dir='ltr' id='par_1_35' title="bbox 1463 3749 1472 3784">
     <span class='ocr_line' id='line_1_36' title="bbox 1463 3749 1472 3784; baseline 0 0"><span class='ocrx_word' id='word_1_213' title='bbox 1463 3749 1472 3784; x_wconf 82' lang='lat' dir='ltr'>l</span> 
     </span>
    </p>
   </div>
   <div class='ocr_carea' id='block_1_5' title="bbox 0 0 1888 6212">
    <p class='ocr_par' dir='ltr' id='par_1_36' title="bbox 0 0 1888 6212">
     <span class='ocr_line' id='line_1_37' title="bbox 0 0 1888 6212; baseline 0 0"><span class='ocrx_word' id='word_1_214' title='bbox 0 0 1888 6212; x_wconf 95' lang='lat' dir='ltr'> </span> 
     </span>
    </p>
   </div>
  </div>
 </body>
</html>
