3750 6217
543 504 696 589 ηε
889 494 1778 576 AENEIDOS
1895 494 2093 568 111.
2211 519 2279 567 v.
2386 502 2609 585 4⁵⁷:

529 667 704 761 Ipsa
743 684 980 751 canat,
1019 688 1424 758 vocemque
1457 662 1712 734 volens
1751 677 1967 754 atque
2010 683 2129 731 ora
2168 658 2509 731 resolvat.

535 784 676 853 llla
713 780 846 853 tibi
889 778 1130 850 Italiae
1170 781 1536 874 popuIOS,
1583 795 2019 869 venturaque
2062 776 2299 863 bella,
2474 760 2489 777 ⁶

533 898 628 969 Et
664 922 814 991 quo
852 916 1222 989 quemque
1262 892 1494 965 modo
1534 888 1908 990 fugiasque
1948 889 2271 986 ferasque
2306 888 2673 965 laborem
2698 944 2723 983 ,

535 1012 925 1107 Expediet3
965 1033 1350 1103 cursusque
1391 1009 1592 1081 dabit
1623 1028 1945 1079 venerata
1983 1004 2359 1079 secundos.

537 1128 734 1199 Haec
770 1144 979 1215 sunt,
1031 1150 1215 1217 quae
1255 1146 1494 1198 nostra
1533 1124 1732 1195 liceat
1769 1145 1839 1196 te
1873 1148 2053 1193 voce
2094 1122 2397 1196 moneri.

535 1240 746 1313 Vade
783 1266 949 1339 age,
1007 1260 1078 1311 et
1115 1240 1480 1339 ingentem
1523 1236 1721 1310 factis
1760 1238 1861 1309 fer
1900 1237 1991 1309 ad
2032 1240 2305 1311 aethera
2344 1236 2707 1315 Troiam.

653 1354 862 1461 Quae
901 1374 1296 1450 postquam
1331 1374 1525 1427 vates
1565 1356 1662 1425 sic
1705 1381 1824 1425 ore
1867 1354 2115 1427 effatus
2155 1354 2395 1425 amico
2432 1374 2603 1447 est,

539 1473 756 1546 Dona
803 1470 1062 1543 dehinc
1101 1498 1270 1543 auro
1311 1470 1539 1569 gravia
1565 1525 1585 1558 ,
1639 1490 1977 1565 sectoque
2026 1470 2411 1565 elephanto

539 1588 857 1684 Imperat
895 1585 986 1657 ad
1026 1587 1222 1659 navis
1263 1586 1416 1657 serri
1442 1642 1463 1675 ,
1513 1586 1868 1680 stipatque
1904 1586 2149 1657 carinis

541 1706 808 1801 Ingens
849 1722 1218 1799 argentum
1251 1756 1272 1792 ,
1322 1701 1913 1795 Dodonaeosque
1955 1700 2259 1790 lebetas,

543 1820 873 1891 Loricam
915 1837 1314 1890 consertam
1350 1818 1580 1888 hamis
1617 1841 1933 1909 auroque
1972 1817 2315 1905 trilicem,

541 1935 637 2008 Et
670 1957 940 2005 conum
983 1930 1280 2030 insignis
1316 1934 1552 2029 galeae
1576 1986 1596 2021 ,
1649 1932 2033 2025 cristasque
2072 1932 2428 2005 comantis
2452 1983 2480 2024 ,

542 2050 762 2122 Arma
803 2048 1294 2143 Neoptolemi.
1369 2066 1536 2117 sunt
1572 2068 1639 2119 et
1676 2073 1802 2119 sua
1839 2047 2036 2119 dona
2070 2047 2361 2142 parenti.

541 2164 770 2236 Addit
805 2189 1034 2257 equos
1057 2218 1077 2251 ,
1118 2163 1459 2255 additque
1495 2164 1750 2235 duces:

543 2278 962 2379 Remigium
1002 2282 1291 2375 supplet
1327 2306 1343 2347 ι
1403 2278 1639 2350 socios
1681 2280 1897 2349 simul
1940 2280 2219 2351 instruit
2258 2277 2493 2352 armis.

662 2397 933 2466 Interea
971 2397 1268 2468 classem
1305 2390 1481 2466 velis
1517 2412 1752 2488 aptare
1781 2390 2079 2491 jubebat

545 2507 933 2601 AnchiseS,
982 2511 1174 2583 fieret
1209 2528 1425 2582 vento
1468 2535 1670 2580 mora
1709 2535 1801 2580 ne
1843 2537 1989 2604 qua
2026 2505 2291 2581 ferenti.

547 2626 800 2733 Quem
836 2626 1112 2698 Phoebi
1152 2628 1491 2719 interpres
1525 2628 1764 2697 multo
1807 2628 2173 2719 conpellat
2211 2628 2529 2698 honore:

547 2742 913 2841 Conjugio
937 2800 956 2832 ,
1003 2734 1348 2831 Anchisa,
1395 2740 1696 2812 Veneris
1732 2738 2016 2839 dignate
2058 2742 2367 2836 superbo
2394 2794 2415 2833 ,

551 2857 734 2929 Cura
775 2860 996 2931 deum
1029 2912 1049 2948 ,
1091 2859 1199 2930 bis
1235 2858 1630 2955 Pergameis
1667 2877 1903 2952 erepte
1942 2856 2161 2927 ruinis
2186 2913 2205 2945 ,

551 2974 731 3045 Ecce
763 2974 895 3046 tibi
927 2974 1288 3044 Ausoniae
1323 2975 1534 3044 tellus
1581 3001 1596 3040 ε
1655 2975 1836 3043 hanc
1880 2972 2122 3067 adripe
2162 2974 2360 3043 velis.

549 3089 640 3159 Et
671 3104 912 3157 tamen
951 3088 1132 3157 hanc
1171 3090 1429 3184 pelago
1473 3088 1977 3178 praeterlabare
2013 3112 2291 3160 necesse
2326 3104 2449 3161 est.

550 3200 913 3271 Ausoniae
949 3226 1107 3294 pars
1152 3202 1268 3270 illa
1309 3204 1611 3294 procul,
1661 3228 1882 3293 quam
1925 3204 2179 3297 pandit
2224 3202 2525 3299 Apollo.

551 3312 760 3387 Vade
791 3370 812 3403 ,
861 3316 996 3403 ait,
1048 3340 1090 3383 o
1145 3314 1317 3385 felix
1359 3314 1505 3385 nati
1551 3315 1830 3409 pietate.
1904 3320 2085 3410 quid
2133 3322 2308 3389 ultra

553 3430 946 3520 Provehor,
997 3448 1066 3501 et
1097 3428 1317 3500 fando
1365 3431 1703 3527 surgentis
1743 3432 2081 3504 demoror
2111 3432 2469 3508 Austros?

553 3545 707 3617 Nec
747 3547 990 3621 minus
1021 3542 1562 3634 Andromache,
1609 3546 1921 3644 digressu
1960 3568 2227 3621 maesta
2262 3576 2643 3648 supremO,

553 3660 715 3734 Fert
751 3666 1124 3757 picturatas
1163 3661 1312 3733 auri
1353 3662 1758 3733 subtemine
1797 3664 2006 3735 vestis
2029 3718 2052 3753 ,

555 3776 647 3845 Et
686 3778 1063 3875 Phrygiam
1105 3772 1414 3847 Ascanio
1454 3778 1912 3871 chlamydem
1946 3810 1962 3859 ς
2027 3805 2158 3851 nec
2194 3783 2380 3855 cedit
2412 3784 2707 3857 honori:

1083 3921 1380 3956 ‘'1‘',
1467 3936 1468 3939 ¹
