3750 6217
379 797 1526 1110 Aruernos

544 1251 816 1354 LIBER
885 1259 1340 1352 OCTAVUS.

340 1563 422 1637 UT
445 1559 532 1636 belli
554 1564 695 1665 signum
717 1563 883 1637 Laurenti
901 1563 1046 1634 Tumus
1065 1546 1110 1634 ab
1130 1589 1207 1637 arce

340 1683 497 1769 Extulit,
519 1701 556 1752 et
574 1708 680 1754 rauco
699 1699 921 1777 strepuerunt
938 1705 1071 1751 cornua
1088 1699 1216 1770 cantu,

341 1789 462 1891 thue
482 1798 568 1868 acris
586 1799 766 1870 concussit
785 1822 920 1892 equos,
944 1816 1058 1890 utque
1078 1797 1214 1892 inpulit
1231 1803 1327 1867 arma
1346 1821 1356 1877 ι
1419 1869 1437 1902 ι

340 1912 537 2007 Extemplo
559 1908 688 2000 turbati
709 1916 820 1984 animi
842 1941 849 1982 :
881 1913 990 1985 simul
1010 1938 1121 1983 omno
1138 1914 1298 1983 tumultu

341 2027 514 2125 Conjurat
531 2029 672 2124 trepido
694 2030 860 2115 Liuium,
887 2030 1068 2122 saevitque
1083 2032 1253 2125 juventus

339 2142 461 2215 Effera.
503 2144 667 2216 ductores
687 2147 795 2239 primi
815 2145 1001 2239 Messapus
1021 2161 1056 2215 et
1074 2142 1208 2231 Ufens,

340 2257 627 2353 Contemto'rque
647 2261 757 2331 delrm
776 2255 995 2349 Mezentius,
1018 2260 1180 2352 undique
1198 2276 1334 2358 coguut

339 2373 483 2447 Auxilia
495 2395 565 2465 ‚et
585 2378 676 2449 latos
695 2396 834 2448 vastant
853 2371 1050 2448 cultoribus
1068 2399 1178 2473 agros.

338 2489 495 2563 Mittitur
512 2510 546 2563 et
563 2493 685 2590 magni
703 2489 869 2564 Venulus
890 2491 1082 2563 Diomedis
1099 2489 1144 2560 ad
1163 2489 1316 2577 urbem,

339 2606 417 2711 Qui
438 2627 535 2702 petat
555 2607 752 2696 auxilium,
776 2626 812 2679 et
832 2595 936 2680 Latio
960 2610 1150 2679 consistere
1167 2603 1351 2697 Teucros,

338 2720 541 2795 Advectum
561 2722 707 2795 Aenean
729 2723 852 2813 classi,
873 2725 1060 2817 victosque
1081 2721 1223 2793 Penatis

338 2837 489 2929 Inlerre,
514 2858 549 2911 et
568 2837 647 2912 faris
665 2863 784 2937 regern
805 2864 841 2910 se
861 2833 977 2911 dicere
997 2839 1121 2934 pbsci,

338 2954 519 3046 Edoceat9
545 2947 751 3048 multasque
767 2954 843 3026 viro
865 2980 901 3027 se
919 2950 1107 3054 adjungere
1127 2953 1242 3052 gentis

338 3069 544 3162 Dardanio,
566 3091 601 3143 et
619 3074 687 3142 late
708 3070 811 3141 Latio
833 3071 1082 3142 increbrescere
1102 3093 1249 3140 nomen.
1316 3097 1322 3112 ·

339 3183 442 3290 Quid
463 3206 571 3259 struat
587 3186 642 3257 his
663 3186 823 3281 coeptis,
848 3210 981 3281 quem,
1005 3185 1033 3257 si
1055 3187 1210 3257 Fortuna
1231 3201 1419 3279 sequatur,

338 3303 519 3373 Eventum
539 3323 681 3397 pugnae
702 3302 841 3395 cupiat,
867 3302 1092 3374 manifestius
1113 3302 1204 3394 ipsi,

338 3416 462 3522 Quam
482 3416 607 3486 Turno
626 3417 718 3514 regi,
742 3437 803 3487 aut
824 3420 895 3515 regi
919 3416 1083 3511 adparere
1105 3415 1243 3488 Latino.

395 3531 498 3601 Talia
517 3556 581 3625 per
598 3531 741 3602 Latium
762 3561 769 3600 r
800 3558 891 3625 quae
912 3529 1196 3606 Laomedontius
1214 3530 1319 3605 heros

337 3647 477 3720 Cuncta
493 3648 619 3718 videns
635 3672 768 3746 magno
790 3673 951 3719 curarum
971 3646 1119 3720 ssuctuat
1135 3664 1254 3720 aestu:

335 3763 455 3858 Atque
472 3764 635 3836 animum
649 3787 746 3835 nunc
763 3765 835 3835 huc
853 3767 1027 3852 celerem,
1050 3789 1146 3835 nunc
1162 3764 1292 3836 dividit
1308 3765 1416 3857 illuc,

337 3882 381 3952 Iu
402 3882 582 3976 partisque
600 3880 690 3974 rapit
709 3881 838 3969 varias,
864 3904 999 3975 perque.
1021 3882 1144 3950 omnia
1163 3900 1283 3952 versat.

335 3995 433 4068 Sicut
448 4022 561 4090 aquae
578 3996 772 4065 tremulum
790 3996 894 4067 labris
914 3995 978 4066 ubi
1001 3997 1126 4066 lumen
1148 3995 1245 4067 ailnis

334 4110 419 4182 Sole
436 4134 701 4205 repercussum,
725 4130 784 4180 aut
805 4108 971 4182 radiantis
991 4105 1147 4210 imagine
1167 4113 1293 4203 lunae,

334 4228 471 4297 Omnia
493 4226 680 4321 pervolitat
702 4228 770 4296 late
790 4229 895 4316 loca,
916 4227 1066 4325 jamque
1088 4226 1153 4300 sub
1172 4253 1271 4299 auras

333 4342 504 4439 Erigitur,
528 4342 734 4435 summique
752 4341 830 4413 ferit
851 4341 1026 4436 laquearia
1046 4343 1139 4414 tecti.

332 4458 419 4528 Nox
439 4475 529 4538 erat;
551 4476 586 4529 et
606 4477 709 4528 terras
729 4459 897 4529 animalia
919 4458 1008 4529 fessa
1029 4485 1093 4553 per
1112 4459 1232 4531 omnis

332 4573 499 4648 Alituum
522 4571 779 4670 pecudumque
799 4600 910 4675 genus
931 4599 1043 4669 sopor
1062 4578 1153 4647 altus
1178 4572 1351 4648 habebatt
