3750 6217
536 721 1355 831 ts-Ns1nos1x.v.5eq.

342 895 411 968 Cui
431 893 590 990 Remulo
610 920 818 996 cognomen
838 913 931 974 erat;
953 896 1143 990 Turnique
1160 899 1342 981 minorem

340 1012 559 1095 Germanum
582 1036 697 1108 nuper
713 1015 873 1093 thalamo
897 1012 1050 1085 sociatus
1069 1011 1231 1104 habebat,

340 1128 378 1200 Is
394 1128 552 1223 primam
575 1112 656 1199 ante
677 1129 789 1230 aciem
806 1128 916 1228 digna
935 1147 1042 1226 atque
1061 1128 1208 1227 indigna
1225 1128 1337 1206 relatu

339 1224 570 1342 Vociferans,
592 1245 827 1339 tumidusque
845 1268 945 1315 novo
963 1244 1170 1338 praecordia
1184 1267 1294 1344 regnp

339 1359 441 1450 Ibat,
463 1350 498 1454 et
516 1360 697 1458 ingentem
717 1385 791 1447 sese
810 1360 967 1451 clamore
987 1357 1136 1432 ferebat:
1249 1342 1254 1349 ⁹

397 1472 484 1554 Non
504 1460 622 1569 pudet
639 1475 831 1553 obsidione
848 1475 980 1562 iterum
999 1476 1170 1568 valloque
1189 1476 1323 1579 teneti,

339 1588 399 1662 Bis
418 1591 514 1686 capti
535 1589 711 1694 Phryges,
732 1609 767 1662 et
784 1589 888 1697 Marti
908 1589 1136 1691 praetendere
1156 1591 1310 1691 muros?

338 1705 416 1794 En,
441 1705 507 1800 qui
528 1726 647 1790 nostra
668 1706 737 1780 sibi
757 1706 856 1803 bello
876 1705 1059 1776 connubia
1077 1706 1259 1799 poscunt!

340 1817 434 1923 Quis
452 1820 543 1911 deus
562 1819 723 1913 Italiam,
747 1845 840 1920 quae
858 1845 924 1893 vos
940 1806 1121 1891 dementia
1138 1808 1254 1920 adegit
1269 1821 1286 1893 ἓ

339 1921 425 2006 an
443 1928 500 2006 hic
520 1935 686 2027 Atridae,
708 1962 774 2008 nec
794 1935 894 2006 fandi
912 1937 1013 2007 lictor
1031 1934 1163 2009 Ulixes.

338 2049 480 2121 Durum
502 2050 547 2129 ab
566 2053 674 2148 stirpe
694 2034 824 2152 genus,
846 2036 951 2150 natos
970 2052 1016 2123 ad
1032 2036 1185 2122 flumina
1202 2051 1363 2146 primunt

337 2163 561 2255 Deferimus,
585 2161 764 2270 saevoque
783 2168 866 2266 gelu
891 2167 1060 2272 cluramus
1078 2185 1115 2245 et
1136 2166 1264 2254 undis:

336 2278 482 2363 Venatu
502 2282 689 2381 invigilant
706 2283 826 2378 pueri„
846 2268 1026 2375 silvasque
1045 2281 1210 2382 fatigant3

336 2395 492 2469 Flectere
511 2383 618 2473 ludus
636 2389 776 2499 equos,
799 2417 834 2481 et
858 2398 995 2492 spicula
1015 2397 1159 2501 tendere
1182 2421 1304 2504 cornu,

336 2511 386 2583 At
404 2513 544 2607 patiens
564 2539 718 2608 operum
738 2496 922 2609 paruoque
942 2498 1086 2611 adsueta
1098 2500 1266 2610 juventus

335 2625 409 2699 Aut
426 2629 538 2700 rastris
558 2647 685 2702 terram
701 2630 846 2717 domat,
866 2646 927 2725 aut
948 2625 1061 2725 quatit
1079 2627 1216 2722 oppida
1236 2626 1345 2706 bello.

336 2740 460 2813 Omne
478 2768 606 2815 aevom
624 2745 714 2816 serre
735 2745 877 2833 teritur,
900 2726 1071 2836 versaque
1084 2744 1282 2845 juvencbnr

336 2854 450 2954 Terga
469 2856 656 2957 fatigamus
673 2860 770 2961 hasta
791 2887 802 2945 r¹
827 2881 895 2935 nec
911 2842 1008 2959 tarda
1029 2877 1191 2961 senectus

334 2969 510 3043 Debilitat
528 2974 618 3044 vires
637 2963 774 3063 animi,
797 2990 988 3076 mutatque
1004 2973 1175 3071 vigorem,

336 3085 516 3157 Canitiem
534 3090 632 3186 galea
650 3089 853 3185 premimus
863 3117 872 3168 ς
897 3112 1110 3184 semperque
1126 3074 1276 3185 recentis¹

336 3201 673 3303 Conportarejuvat
690 3203 860 3300 praedas,
883 3223 917 3303 et
936 3191 1053 3305 vivere
1072 3222 1185 3307 rapto.

334 3313 455 3389 Vobis
474 3317 569 3413 picta
589 3343 694 3401 croco
713 3337 750 3401 et
767 3318 921 3417 fulgenti
939 3316 1079 3411 niurice
1093 3319 1219 3419 vestis,

333 3433 502 3505 Desidiae
518 3435 641 3516 cordi;
662 3437 765 3533 juvat
783 3435 968 3533 indulgere
986 3433 1144 3521 choreiss

333 3551 380 3621 Et
397 3549 538 3621 tunicae
555 3549 733 3649 manicas,
758 3569 793 3627 et
814 3534 948 3645 habent
964 3533 1173 3645 redimicula
1192 3549 1327 3622 mitrae.

331 3665 370 3735 Ο
384 3691 464 3742 vere
485 3664 680 3763 Phrygiae,
702 3646 943 3771 nequeenim
961 3663 1139 3763 Phryges,
1161 3665 1209 3737 ite
1228 3690 1293 3759 per
1311 3667 1381 3738 alta

331 3778 535 3875 Dindyma;
558 3780 623 3852 ubi
639 3781 795 3875 adsuetis
814 3777 972 3885 biforem
988 3779 1050 3851 dat
1066 3778 1154 3855 tibia
1171 3800 1327 3852 cantum.

332 3894 525 3990 Tympana
543 3919 610 3968 vos
628 3895 822 3992 buxusque
837 3914 970 3989 vocant
988 3894 1190 3989 Berecyntia
1209 3893 1333 3966 matris

331 4008 470 4081 Idaeae.
511 4009 615 4090 sinite
635 4034 731 4082 arma
751 4011 858 4115 viris„
883 4029 919 4083 et
937 4008 1051 4085 cedite
1069 4008 1170 4086 ferro.
1249 4094 1257 4105 ι

388 4123 492 4194 Talia
505 4126 699 4222 jactantem
717 4125 840 4215 dictis,
853 4103 906 4205 *ac
926 4124 1001 4197 dira
1021 4142 1209 4215 pauentem

331 4238 419 4315 Non
436 4238 519 4311 tulit
537 4237 731 4320 Ascanium
753 4265 938 4333 nervoque
960 4241 1130 4316 obversus
1149 4243 1286 4337 equino
1386 4312 1389 4317 .

330 4354 493 4428 Intendit
512 4355 651 4443 telum,
674 4355 882 4450 diversaque
901 4356 1039 4432 brachia
1059 4355 1193 4429 ducens

329 4469 523 4561 Constitit,
549 4489 630 4542 ante
643 4468 776 4560 Jovem
795 4470 952 4566 supplex
971 4497 1035 4568 per
1054 4491 1138 4544 vota
1155 4492 1339 4569 precatus:

324 4585 491 4682 Juppiter
511 4586 768 4681 omnipotens,
787 4586 983 4665 audacibus
1001 4573 1119 4660 adnue
1139 4589 1287 4685 coeptis.

1469 758 1543 835 32⁷
