3750 6217
368 749 1029 855 oaonorcourv.
1087 777 1236 849 eq,

205 913 378 1007 Desidia,
405 917 587 1011 latamque
609 917 748 990 trahens
771 917 941 1016 inglorius
962 919 1094 990 alvom.

204 1031 255 1105 Ut
277 1033 382 1103 binae
404 1057 529 1130 regum
552 1030 679 1123 facies,
703 1033 749 1104 ita
768 1057 917 1127 corpora
940 1022 1065 1126 plebis.

205 1145 376 1241 Namque
395 1147 483 1219 allae
501 1159 622 1242 turpes
638 1149 782 1220 horrent
800 1178 809 1227 ;
839 1173 904 1218 ceu
923 1148 1068 1242 pulvere
1084 1147 1130 1220 ab
1149 1151 1223 1225 alto

206 1263 336 1369 Quom
354 1263 474 1352 venit,
495 1281 531 1334 et
550 1261 644 1335 sicco
663 1280 790 1333 terram
808 1264 907 1357 spuit
925 1287 987 1332 ore
1002 1263 1113 1335 viator

205 1377 335 1449 Aridus
357 1406 365 1448 z
395 1380 537 1450 elucent
558 1377 674 1466 aliae,
698 1395 734 1448 et
756 1376 895 1476 fulgore
919 1397 1103 1451 conrscant

205 1491 381 1567 Ardentes
404 1518 513 1582 auro,
531 1511 567 1563 et
583 1493 728 1586 paribus
748 1494 811 1564 lita
831 1516 980 1588 corpora
998 1493 1115 1592 guttis.

206 1605 305 1680 Haec
325 1608 447 1701 potior
465 1607 610 1681 suboles
625 1638 635 1688 ;
657 1607 740 1678 hinc
758 1607 850 1678 coeli
868 1625 1033 1702 tempore
1050 1627 1145 1681 certo
1182 1606 1185 1613 ’

207 1721 337 1794 Dulcia
354 1724 463 1795 mella
480 1746 621 1817 premes
641 1749 649 1791 :
677 1746 745 1795 nec
761 1740 900 1795 tantum
918 1721 1056 1813 dulcia,
1080 1742 1256 1817 quantum

206 1835 253 1910 Et
274 1837 429 1932 liquida,
450 1857 485 1912 et
502 1837 634 1909 durum
655 1837 782 1911 Bacchi
805 1836 985 1910 domitura
1005 1863 1180 1933 saporem.
1238 1846 1240 1848 ’

263 1952 312 2024 At
334 1978 449 2047 quom
470 1953 598 2026 incerta
616 1956 762 2044 volant,
791 1955 971 2047 coeloque
995 1955 1159 2025 examina
1177 1955 1328 2047 ludunt,

208 2066 532 2162 contemnuntque
558 2067 686 2159 favos,
710 2086 745 2141 et
765 2066 890 2167 frigida
908 2085 1000 2141 tecta
1019 2069 1251 2165 relinquunt;

207 2183 388 2256 instabilis
404 2184 547 2256 animos
566 2184 655 2256 ludo
676 2183 885 2285 prohibebis
903 2183 1011 2256 inani.

209 2297 286 2370 Nec
305 2323 457 2397 magnus
476 2301 663 2393 prohibere
682 2298 793 2373 labor.
827 2318 868 2372 tu
887 2300 1027 2397 regibus
1044 2300 1116 2372 alas

207 2412 322 2508 Eripe.
361 2436 439 2484 non
456 2414 528 2486 illis
546 2415 738 2509 quisquam
760 2414 1005 2487 cunctantibus
1023 2415 1137 2486 altum

207 2527 264 2598 Ire
285 2530 369 2619 iter,
393 2545 453 2599 aut
471 2531 588 2607 castris
609 2529 756 2609 audebit
772 2532 901 2601 vellere
921 2530 1030 2627 signa.

207 2641 366 2713 Invitent
388 2645 521 2719 croceis
542 2644 701 2717 halantes
721 2644 869 2716 floribus
891 2644 1011 2735 horti,

206 2755 253 2827 Et
271 2777 391 2830 custos
410 2755 530 2829 furum
549 2778 657 2853 atque
673 2760 793 2831 avium
813 2784 897 2830 cum
917 2757 1005 2831 falce
1024 2759 1158 2858 saligna

207 2870 491 2967 Hellespontiaci
511 2892 621 2947 servet
636 2875 751 2945 tutela'
765 2873 892 2969 Priapi

208 2985 294 3081 Ipse
310 2988 480 3081 thymum
497 2987 679 3081 pinosque
701 2985 815 3061 ferens
836 2988 883 3060 de
899 2985 1087 3065 montibus
1105 2985 1186 3059 altis

208 3099 320 3172 Tecta
339 3119 429 3173 serat
447 3102 516 3172 late
535 3102 683 3192 circum,
709 3103 766 3176 cui
783 3102 865 3174 talia
884 3125 1007 3174 curae:

208 3216 295 3311 Ipse
313 3214 437 3288 labore
455 3240 607 3288 manum
624 3216 714 3288 duro
734 3233 819 3290 terat
838 3246 849 3291 r
877 3216 955 3313 ipse
973 3215 1103 3290 feraces

207 3329 308 3431 figat
330 3332 444 3424 humo
464 3333 621 3427 plantas,
645 3350 682 3409 et
699 3334 834 3406 amicos
852 3332 976 3431 inriget
992 3331 1125 3411 imbris.

264 3445 386 3540 Atque
405 3445 600 3541 equidem,
625 3465 786 3533 extremo
807 3449 846 3518 ni
863 3449 942 3548 jam
958 3447 1026 3520 sub
1045 3447 1118 3520 line
1136 3444 1300 3519 labomm

208 3560 302 3634 Vela
325 3561 484 3652 traham,
509 3579 545 3644 et
566 3563 661 3638 tenis
681 3562 848 3648 festinem
870 3561 1048 3640 advertere
1068 3587 1236 3658 proram;
1310 3612 1314 3621 .

207 3675 368 3749 Forsitan
389 3695 444 3766 et,
471 3678 616 3776 pinguis
638 3678 762 3750 hortos
782 3704 874 3774 quae
897 3703 978 3750 cura
997 3678 1142 3750 colendi

208 3792 382 3882 Omaret,
403 3817 585 3883 canerem,
609 3791 786 3888 biferique
806 3794 936 3867 rosaria
955 3792 1090 3866 Paesti:

210 3905 373 4012 Quoque
393 3906 510 3978 modo
532 3907 629 4001 potis
647 3908 838 4006 gauderent
860 3908 986 3980 intuba
1005 3909 1111 3988 riuis;

208 4019 257 4095 Et
277 4022 407 4094 virides
428 4022 513 4116 apio
534 4022 654 4116 ripae,
676 4040 861 4118 tortusque
884 4049 948 4120 per
968 4023 1117 4110 herbam

210 4136 388 4209 Cresceret
410 4136 449 4208 in
467 4154 625 4208 ventrem
646 4137 807 4212 cucumis
830 4166 840 4221 ε,
868 4163 938 4211 nec·
960 4163 1033 4212 sera
1054 4158 1261 4218 comantem

209 4251 433 4343 Narcissum,
452 4270 513 4326 aut
530 4249 613 4324 flexi
630 4254 818 4327 tacuissem
836 4254 959 4329 vimen
976 4254 1137 4346 acanthi,

211 4367 453 4462 Pallentisque
471 4367 614 4457 ederas,
641 4385 676 4440 et
692 4370 843 4443 amantis
862 4369 964 4443 litora
981 4387 1128 4465 myrtos.

211 4481 381 4576 Namque
404 4483 471 4557 sub
490 4482 661 4557 Oebaliae
678 4484 831 4559 memini
849 4510 910 4556 me
928 4485 1082 4558 mnibus
1101 4485 1212 4576 arcis,

212 4595 298 4721 Qua
316 4597 412 4705 niger
429 4599 610 4687 humectat
626 4597 791 4686 flaventia
811 4603 905 4695 culta
922 4599 1115 4708 Galaesus.
