3750 6217
402 841 477 915 ma
578 809 1161 892 aruatoostu
1223 835 1398 914 ean

395 983 446 1058 Ut
465 985 624 1080 primum
642 985 742 1055 alatis
759 985 873 1080 tetigit
892 982 1046 1078 magalia
1066 982 1219 1075 plantiS,

397 1099 545 1173 Aenean
564 1098 778 1170 fundantem
797 1121 890 1168 arces
909 1121 950 1167 ac
969 1115 1060 1167 tecta
1080 1119 1275 1170 novantem

397 1214 587 1309 Conspicit
613 1241 621 1282 ε
651 1229 759 1309 atque
780 1213 834 1284 illi
855 1214 1014 1285 stellatus
1033 1212 1170 1306 iaspide
1190 1214 1290 1285 fulva

397 1331 501 1403 Ensis
521 1347 613 1418 erat,
636 1327 823 1423 Tyrioque
843 1328 987 1400 ardebat
1003 1327 1137 1400 murice
1157 1330 1259 1401 laena

397 1445 562 1518 Demissa
580 1469 626 1516 ex
644 1447 803 1518 humeris
827 1473 834 1512 :
865 1443 964 1516 dives
985 1469 1078 1536 quae
1098 1467 1246 1517 munera
1265 1439 1365 1518 Dido

396 1561 558 1649 Fecerat,
582 1577 617 1631 et
636 1563 736 1633 tenui
756 1563 843 1632 telas
863 1560 1070 1632 discreverat
1089 1587 1187 1634 auro.

397 1676 586 1748 Continuo
608 1676 770 1749 invadit:
800 1676 860 1745 Tu
881 1699 978 1746 nunc
998 1673 1218 1776 Carthaginis
1238 1679 1327 1749 altae

396 1793 646 1863 Fundamenta
665 1793 787 1881 locas,
812 1792 1073 1885 pulchramque
1091 1795 1237 1866 uxorius
1258 1791 1387 1865 urbem

395 1907 591 1979 Exstruis?
620 1907 689 1977 heu
710 1908 807 2006 regni
827 1931 1017 1999 renrmque
1039 1906 1151 1979 oblite
1172 1908 1334 1979 tuanrrn!

394 2023 481 2118 Ipse
500 2019 610 2094 delam
630 2021 695 2095 tibi
716 2049 776 2094 me
796 2025 889 2094 claro
911 2021 1070 2094 demittit
1086 2023 1253 2119 Olympo

394 2131 596 2236 Regnator,
619 2141 764 2209 coelum
784 2157 819 2208 et
834 2157 939 2209 renas
959 2139 1022 2230 qui
1042 2140 1192 2208 numine
1212 2156 1377 2232 torquet:

399 2254 484 2348 Ipse
503 2255 588 2324 haec
606 2253 692 2325 ferre
705 2254 809 2353 jubet
828 2253 949 2324 celeris
970 2253 1138 2325 mandata
1157 2273 1219 2348 per
1242 2280 1350 2325 auras.

398 2367 504 2472 Quid
523 2367 625 2441 struis
647 2371 663 2439 ?
693 2389 754 2440 atat
773 2395 844 2464 qua
865 2393 929 2463 spe
948 2367 1093 2462 Libycis
1111 2369 1192 2442 teris
1213 2369 1286 2441 otia
1303 2371 1433 2442 terris?

397 2483 434 2556 Si
451 2503 486 2555 te
505 2487 605 2556 nulla
622 2505 747 2556 movet
763 2475 940 2556 tantarum
958 2485 1068 2582 gloria
1087 2510 1224 2574 rerum,

398 2598 476 2671 Nec
495 2624 600 2694 super
619 2603 696 2695 ipse
714 2620 773 2673 tua
792 2599 932 2671 moliris
953 2599 1058 2670 laude
1079 2597 1238 2671 laborem
1256 2631 1265 2678 ;

396 2711 593 2786 Ascanium
612 2735 835 2815 surgentem,
857 2731 892 2789 et
912 2741 993 2810 spes
1010 2715 1148 2787 heredis
1170 2717 1239 2786 lnli

395 2828 570 2927 Respice;
594 2829 651 2903 cui
669 2857 819 2930 regnum
840 2829 963 2904 ltaliae
983 2829 1222 2925 Romanaque
1242 2834 1349 2904 tellus

396 2937 590 3020 Debentur.
628 2948 691 3020 tali
710 2946 896 3042 Cyllenius
917 2973 977 3020 ore
998 2950 1142 3019 locutus

395 3059 560 3136 Mortalis
578 3060 675 3137 visus
694 3065 818 3137 medio
837 3089 1001 3137 sermone
1019 3063 1183 3158 reliquit,

395 3178 442 3251 Et
460 3181 586 3273 procul
604 3173 643 3250 in
662 3199 809 3252 tenuem
828 3205 872 3251 ex
890 3180 1006 3251 oculis
1024 3179 1168 3251 evanuit
1186 3205 1316 3250 arrram.

395 3289 445 3365 At
464 3312 547 3364 vero
565 3292 703 3366 Aeneas
722 3297 893 3390 adspectu
915 3295 1098 3365 obmutuit
1118 3321 1264 3383 amens,

394 3405 638 3500 Adrectaeque
658 3409 802 3480 honore
823 3435 975 3498 comae,
1002 3429 1038 3479 et
1054 3433 1128 3479 rox
1145 3409 1307 3478 faucibus
1327 3407 1449 3481 haesit.

395 3519 507 3592 Ardet
525 3521 620 3593 abire
640 3522 722 3621 suga
740 3578 750 3611 ,
771 3524 959 3617 dulcisque
977 3524 1174 3615 relinquere
1195 3540 1318 3608 terras,

395 3635 593 3709 Adtonitus
612 3653 712 3710 tanto
731 3640 876 3709 monitu
898 3639 1124 3732 imperioque
1142 3637 1304 3707 deonrm.

396 3750 479 3825 Heu
500 3752 590 3847 quid
608 3757 722 3854 agat?
753 3779 829 3847 quo
848 3777 946 3822 nunc
965 3751 1123 3848 reginam
1144 3745 1280 3822 ambire
1301 3749 1480 3825 furentem

394 3867 535 3941 Audeat
551 3869 671 3943 adfatu
691 3872 707 3941 ?
737 3894 829 3963 quae
847 3869 963 3962 prima
984 3867 1129 3938 exordia
1148 3869 1297 3939 sumat?

394 3981 492 4057 Haec
513 3988 698 4058 alternanti
717 3985 840 4082 potior
853 3981 1034 4072 sententia
1051 3983 1124 4054 visa
1145 4003 1216 4056 est:

393 4099 580 4173 Mnesthea
599 4101 873 4200 Sergestumque
890 4117 1017 4187 vocat,
1041 4097 1243 4194 sortemque
1260 4099 1507 4184 Cloanthuma

394 4213 554 4286 Classem
574 4233 697 4311 aptent
717 4216 833 4305 taciti,
858 4215 975 4287 socios
995 4211 1039 4284 ad
1059 4215 1163 4288 litora
1181 4234 1331 4316 cogant;

392 4328 503 4401 Arma
520 4348 667 4425 parent,
690 4351 746 4423 et,
772 4356 865 4425 quae
887 4333 932 4404 sit
952 4331 1057 4402 rebus
1076 4357 1195 4405 caussa
1216 4334 1418 4425 novandis,

391 4443 638 4518 Dissimulent.
683 4471 757 4521 sese
778 4448 925 4536 interea,
950 4449 1098 4542 quando
1121 4467 1273 4543 optuma
1294 4446 1393 4517 Dido

393 4559 555 4654 Nesciat,
579 4582 613 4636 et
631 4582 750 4638 tantos
767 4567 886 4659 rumpi
907 4589 984 4635 non
1005 4581 1120 4660 speret
1136 4586 1294 4650 amores,

392 4675 630 4766 Tentaturum
647 4682 785 4770 aditus,
809 4703 845 4752 et
865 4705 957 4774 quae
974 4680 1191 4753 mollissima
1207 4674 1306 4748 sandi
