3750 6217
484 685 1395 793 suonstcou11r.v.rqr.
1488 702 1539 794 83

331 863 467 961 Raptat
486 889 598 937 amor.
630 868 734 965 juvat
753 867 802 937 ire
816 867 933 965 jugis,
958 891 1029 959 qua
1045 868 1148 937 nulla
1166 862 1329 958 priorum

332 983 528 1056 Castaliam
544 984 651 1054 molli
670 974 861 1054 devertitur
878 982 994 1054 orbita
1012 982 1116 1054 clivo.

390 1091 522 1188 Nune,
542 1099 741 1171 veneranda
761 1098 885 1188 Pales,
905 1119 1040 1196 magno
1058 1122 1157 1171 nunc
1178 1118 1238 1169 ore
1256 1092 1473 1168 sonandum.

333 1210 518 1310 Incipiens
540 1214 685 1287 stabulis
706 1212 810 1286 edico
833 1215 872 1284 in
891 1214 1067 1286 mollibus
1087 1212 1235 1286 herbam

332 1330 486 1426 Carpere
508 1331 613 1421 ovis,
637 1333 727 1402 dum
748 1354 838 1401 mox
857 1316 1031 1401 frondosa
1054 1331 1236 1403 reducitur
1256 1346 1387 1400 aestasr

330 1447 378 1519 Et
396 1448 512 1517 multa
532 1445 661 1518 duram
683 1444 817 1542 stipula
838 1446 1051 1540 filicumque
1070 1445 1241 1542 maniplis

331 1560 493 1635 Sternere
515 1560 635 1634 subter
650 1562 832 1652 humum,
857 1563 985 1661 glacies
1003 1584 1049 1632 ne
1069 1562 1194 1660 frigida
1219 1556 1335 1631 laedat

332 1666 449 1749 Molle
469 1692 599 1772 pecus,
626 1672 857 1772 scabiemque
877 1676 988 1769 ferat,
1008 1679 1199 1773 turpisque
1222 1677 1409 1778 podagras.

331 1782 419 1864 Post
440 1792 524 1865 binc
548 1793 723 1892 digressus
742 1793 857 1892 jubeo
881 1790 1086 1865 frondentia
1107 1794 1222 1888 capris

330 1906 467 1979 Arbuta
492 1910 666 2000 sufficere,
693 1930 729 1982 et
753 1908 884 1981 fluvios
903 1904 1070 2004 praebere
1093 1909 1266 1986 recentis:

331 2020 377 2095 Et
398 2024 534 2096 stabula
555 2046 576 2095 a
597 2027 715 2098 ventis
735 2025 888 2096 hiberno
910 2040 1097 2121 opponere
1121 2025 1190 2097 soli

331 2134 390 2210 Ad
408 2136 572 2211 medium
593 2166 763 2213 conversa
782 2140 880 2211 diem
905 2166 912 2208 r
943 2166 1060 2235 quom
1079 2140 1229 2239 frigidus
1248 2130 1342 2210 olim

325 2242 409 2343 Jam
427 2256 541 2346 cadit,
570 2274 805 2352 extremoque
826 2257 957 2327 inrorat
975 2246 1152 2351 Aquarius
1172 2274 1280 2326 anno.

330 2360 408 2442 Hae
429 2395 580 2466 quoque
598 2394 677 2444 non
696 2394 777 2443 cura
795 2363 902 2444 nobis
922 2366 1056 2443 leviore
1076 2370 1255 2450 tuendam

331 2480 405 2559 Nec
424 2487 547 2559 minor
565 2511 651 2561 usus
671 2487 736 2560 erit
760 2517 767 2558 :
798 2488 964 2584 quamvis
982 2486 1122 2560 Milesia
1139 2510 1275 2586 magno

331 2591 476 2674 Vellera
495 2621 681 2676 mutentur
699 2596 831 2700 Tyrios
849 2604 990 2675 incocta
1008 2603 1164 2675 rubores

330 2705 487 2789 Densior
505 2714 589 2791 hinc
610 2714 756 2792 suboles
782 2735 790 2788 t
819 2714 903 2790 hinc
923 2718 1009 2816 largi
1032 2710 1139 2814 copia
1158 2718 1267 2788 lactis

332 2830 456 2936 Quam
476 2835 591 2932 magis
612 2832 784 2908 exhausto
807 2824 1025 2930 spumaverit
1042 2832 1150 2905 ubere
1170 2834 1344 2912 mulctra:

332 2944 440 3018 Laeta
459 2949 573 3045 magis
595 2951 724 3043 pressis
743 2950 945 3021 manabunt
962 2948 1115 3020 flumina
1135 2949 1318 3020 mammis.

331 3054 410 3132 Nec
428 3060 552 3134 minus
572 3062 705 3134 interea
723 3052 849 3134 barbas
870 3064 1071 3157 incanaque
1087 3080 1210 3135 menta

331 3173 508 3270 Cinyphii
526 3170 684 3250 tondent
701 3173 813 3268 hirci,
844 3196 1027 3272 saetasque
1046 3171 1240 3271 comantis,

332 3288 448 3363 Usum
467 3291 506 3363 in
526 3307 745 3383 castronun,
771 3307 807 3365 et
824 3290 961 3367 miseris
980 3288 1158 3366 velamina
1176 3296 1304 3368 nautis.

331 3401 526 3480 Pascuntur
546 3428 631 3479 vero
657 3410 791 3500 silvas,
818 3422 854 3481 et
879 3426 1023 3481 summa
1042 3400 1194 3505 Lycaei,

330 3513 591 3619 Horrentisque
609 3510 743 3616 rubos,
770 3543 806 3597 et
825 3526 977 3598 amantis
997 3527 1104 3598 ardua
1127 3526 1273 3601 dumos.

330 3625 451 3732 Atque
475 3641 574 3735 ipsae
596 3665 778 3715 memores
801 3634 953 3713 redeunt
974 3632 1012 3712 in
1037 3659 1153 3730 tecta,
1183 3667 1345 3736 suosque

330 3750 501 3845 Ducunt,
523 3773 561 3827 et
577 3756 722 3854 gravido
743 3774 912 3854 superant
929 3757 993 3829 vix
1013 3756 1121 3830 ubere
1139 3754 1263 3830 limen.

333 3868 425 3967 Ergo
450 3870 555 3940 omni
576 3871 694 3942 studio
721 3874 871 3971 glaciem
893 3887 1095 3968 ventosque
1115 3868 1270 3966 nivalis,

334 3977 423 4087 Quo
443 3976 566 4057 minus
586 4000 638 4057 est
655 3986 727 4059 illis
746 4013 850 4061 curae
871 3988 1032 4063 mortalis
1049 4006 1199 4089 egestas,

331 4094 506 4172 Avertes:
535 4101 746 4195 victumque
772 4100 888 4194 feres,
917 4122 952 4175 et
977 4105 1093 4204 virgea
1114 4107 1229 4178 laetus

333 4209 497 4293 Pabula:
524 4238 589 4287 nec
613 4226 689 4286 tota
714 4218 857 4292 claudes
881 4217 1004 4290 senilia
1028 4220 1166 4291 bruma

333 4327 380 4398 At
398 4347 482 4400 vero
503 4324 678 4427 Zephyris
699 4356 816 4427 quom
836 4336 926 4408 laeta
944 4334 1160 4409 vocantibus
1178 4356 1295 4410 aestas

333 4442 378 4513 In
399 4428 509 4517 saltus
527 4466 724 4543 utrumque
743 4474 883 4551 gregem
902 4470 1010 4547 atque
1029 4451 1068 4522 in
1088 4476 1224 4549 pascua
1243 4454 1385 4545 mittet,

336 4555 488 4633 Luciferi
513 4562 633 4656 primo
658 4586 744 4637 curn
767 4567 880 4638 sidere
902 4567 1028 4668 frigida
1051 4594 1132 4639 rura

1198 4678 1284 4759 Le
