3750 6217
425 744 872 827 AENEIDO'S
928 742 1037 827 Vll.
1096 774 1129 826 r.
1176 772 1265 838 rat·
1382 754 1460 844 a83
1528 714 1535 731 ἱ

252 914 326 991 Aut
346 918 470 989 Hermi
491 944 646 1014 campo,
667 937 727 991 aut
745 918 874 1014 Lyciae
891 908 1105 992 flaventibus
1123 919 1232 996 arvis:

254 1034 358 1107 Scuta
380 1055 527 1123 sonant,
552 1037 735 1130 pulsuque
754 1036 892 1131 pedum
913 1036 1099 1107 conterrita
1120 1035 1236 1105 tellus.

311 1152 406 1221 Hinc
426 1149 760 1248 Agamemnonius,
785 1152 934 1222 Troiani
954 1152 1115 1221 nominis
1135 1149 1266 1236 hostis,

255 1262 367 1336 Curru
384 1268 503 1363 jungit
524 1266 674 1338 Halesus
692 1291 824 1359 equos,
846 1267 1045 1360 Tumoque
1065 1265 1201 1337 feroces

252 1381 355 1452 Mille
374 1383 464 1476 rapit
482 1384 672 1476 populos:
701 1398 841 1454 vertunt
858 1382 975 1453 felicia
995 1381 1134 1453 Baccho

252 1498 403 1568 Massica
422 1498 486 1589 qui
507 1497 636 1586 rastris,
663 1517 698 1569 et
716 1524 810 1593 quos
828 1498 874 1569 de
892 1498 1046 1569 collibus
1067 1497 1148 1569 altis

253 1607 411 1683 Aurunci
431 1613 560 1683 misere
579 1632 720 1707 patres,
740 1612 971 1707 Sidicinaque
985 1617 1087 1711 juxta

252 1726 444 1820 Aequora,
468 1729 606 1821 quique
625 1727 728 1800 Cales
749 1728 1152 1822 linquunt,'amnisque
1173 1720 1299 1797 vadosi

252 1840 392 1913 Adcola
412 1843 604 1932 Voltumi,
627 1845 827 1937 pariterque
847 1844 1021 1917 Saticulus
1040 1869 1160 1937 asper,

252 1959 507 2051 Oscorumque
527 1983 664 2031 manus.
704 1978 829 2032 teretes
847 1978 931 2033 sunt
951 1960 1093 2054 aclydes
1115 1958 1186 2030 illis

239 2072 344 2146 ,Tela
370 2102 377 2143 :
409 2074 471 2145 sed
488 2075 572 2145 haec
591 2077 690 2146 lento
708 2101 792 2147 mos
813 2095 865 2148 est
883 2094 1002 2169 aptare
1021 2073 1175 2173 flagellor

255 2186 388 2262 Laevas
407 2208 497 2261 cetra
517 2189 604 2286 tegit
621 2221 629 2269 ;
652 2189 769 2262 falcati
791 2192 1001 2263 comminus
1019 2212 1130 2261 enses.

309 2305 385 2376 Nec
403 2323 442 2376 tu
461 2305 679 2377 carminibus
698 2307 829 2378 nostris
847 2306 1001 2378 indictus
1019 2306 1158 2395 abibis,

253 2421 392 2492 Oebale
415 2449 422 2488 :
454 2446 565 2514 quem
587 2444 768 2520 generasse
788 2416 910 2494 Telon
927 2418 1116 2493 Sebethide
1134 2409 1297 2516 nympha

250 2534 393 2625 Fertur,
414 2528 622 2607 Teleboiun
643 2534 799 2631 Capreas
819 2560 935 2631 quom
955 2563 1060 2634 regna
1079 2553 1213 2609 teneret

247 2649 331 2739 Jam
352 2654 470 2723 senior
493 2680 501 2722 ι
531 2652 653 2746 patriis
672 2651 734 2723 sed
753 2676 831 2723 non
852 2672 887 2724 et
907 2650 1002 2723 filius
1022 2651 1113 2723 arvis

251 2764 474 2857 Contentus,
500 2766 570 2839 lare
584 2769 659 2865 jam
680 2785 760 2840 turn
778 2768 918 2839 ditione
936 2758 1122 2861 premebat

252 2881 411 2954 Sarrastis
431 2877 615 2977 populos,
636 2901 673 2953 et
691 2909 783 2976 quae
805 2883 893 2982 rigat
912 2908 1066 2976 aequora
1087 2876 1234 2973 Sarnus,

254 2997 403 3102 Quique
422 2996 548 3068 Rufras
567 2997 807 3091 Batulumque
828 2992 971 3085 tenent',
990 3015 1099 3089 atque
1119 3023 1198 3067 arva
1214 2990 1419 3087 Celennae,

253 3112 299 3184 Et
319 3138 413 3205 quos
430 3110 611 3183 maliferae
631 3112 838 3206 despectant
857 3113 1004 3184 moenia
1021 3110 1192 3182 Abellae:

252 3227 457 3298 Teutonico
477 3222 545 3299 ritu
566 3226 662 3301 soliti
687 3247 853 3322 torquere
875 3220 1024 3300 cateias:

251 3342 429 3441 Tegmina
449 3345 530 3438 quis
549 3345 711 3438 capitum
731 3362 852 3439 raptus
871 3344 917 3415 de
936 3341 1060 3414 subere
1078 3356 1218 3414 cortext

250 3457 469 3552 Aerataeque
489 3461 624 3532 micant
643 3461 783 3554 peltae,
807 3460 917 3532 micat
936 3484 1054 3531 aereus
1074 3458 1176 3529 ensis.

308 3573 353 3646 Et
374 3589 409 3645 te
429 3592 620 3647 montosae
639 3574 766 3646 misere
783 3575 821 3645 in
839 3571 975 3670 proelia
995 3568 1146 3664 Nersae,

252 3688 387 3778 Ufens,
415 3691 592 3788 insignem
611 3686 707 3761 fama
725 3710 760 3762 et
775 3689 941 3764 felicibus
958 3690 1088 3763 armis:

253 3803 406 3876 Horrida
426 3800 616 3901 praecipue
636 3807 693 3877 cui
718 3831 826 3904 gens,
851 3808 1071 3899 adsuetaque
1090 3794 1213 3877 'multo

254 3917 397 3991 Venatu
417 3943 634 4009 nemorum,
656 3921 754 3993 duris
770 3919 971 4018 Aequicula
991 3920 1113 4019 glebis.

251 4033 389 4128 Armati
408 4052 532 4104 terram
553 4054 735 4124 exercent,
755 4062 967 4133 semperque
984 4035 1132 4108 recentis

250 4147 467 4221 Convectare
479 4152 581 4248 juvat
592 4150 767 4244 praedas,
793 4147 828 4225 et
846 4156 961 4224 vivere
977 4172 1091 4247 rapto.

309 4263 411 4369 Quin
436 4283 469 4335 et
489 4264 668 4336 Marrubia
686 4268 784 4340 venit
800 4269 846 4340 de
866 4286 970 4366 gente
991 4266 1178 4356 sacerdos,

250 4378 392 4450 Fronde
412 4405 518 4475 super
537 4381 674 4481 galeam
693 4399 729 4454 et
746 4382 841 4455 felici
860 4404 1005 4456 comtus
1026 4384 1142 4474 oliva,

249 4493 421 4590 Archippi
440 4497 528 4595 regis
545 4499 676 4588 missu,
695 4496 909 4572 fortissimus
929 4498 1068 4571 Umbro
1087 4526 1095 4567 z

250 4608 285 4680 V
289 4611 409 4708 ipereo
434 4610 577 4713 generi,
601 4634 636 4687 et
657 4614 802 4714 graviter
824 4616 1039 4712 spirantibus
1061 4608 1205 4710 hydris,

1097 4728 1131 4797 N
1149 4750 1173 4798 u
1208 4752 1226 4799 a
