3750 6217
409 688 1215 839 AENEIDOSILrJQ.
1341 754 1503 829 mr·

215 909 285 984 Sed
305 932 365 984 me
384 937 515 1012 magna
534 914 647 987 deum
666 913 836 987 Genetrix
852 916 908 989 his
927 903 1062 987 detinet
1082 917 1163 989 oris.

210 1027 367 1122 Jamque
386 1030 485 1120 vale,
507 1050 542 1102 et
561 1031 635 1102 nati
655 1056 750 1103 serva
771 1032 979 1104 communis
997 1056 1169 1102 amorem,

213 1143 312 1214 Haec
331 1144 396 1214 ubi
414 1144 509 1218 dicta
527 1146 649 1234 dedit,
675 1147 941 1234 lacrimantem,
964 1163 1000 1215 et
1016 1150 1131 1218 multa
1150 1149 1336 1222 volentem

214 1258 362 1348 Dicere,
382 1260 560 1351 deseruit,
582 1262 773 1356 tenuisque
793 1260 933 1332 recessit
950 1261 987 1331 in
1007 1285 1115 1333 auras.
1196 1319 1198 1323 .

214 1373 286 1444 Ter
303 1395 452 1447 conatus
471 1376 523 1447 ibi
542 1366 640 1448 collo
662 1377 743 1447 dare
766 1365 906 1447 brachia
925 1377 1060 1446 circum
1076 1408 1085 1454 ;

213 1488 285 1559 Ter
305 1489 427 1561 frustra
446 1516 645 1586 conprensa
662 1516 790 1564 manus
807 1489 928 1588 effugit
946 1491 1088 1586 image,

214 1604 281 1674 Par
299 1605 436 1676 levibus
453 1609 586 1697 ventis,
607 1609 816 1702 volucrique
835 1605 1018 1687 simillima
1039 1621 1182 1680 somno.

214 1719 271 1790 Sic
291 1720 441 1792 demum
462 1725 580 1794 socios
599 1741 789 1795 consumta
807 1739 915 1792 nocte
934 1721 1059 1792 revis0.

272 1835 393 1930 Atque
412 1832 470 1907 hic
491 1838 674 1936 ingentem
694 1838 873 1910 comitum
891 1833 1081 1914 adfluxisse
1100 1860 1282 1913 novorum

213 1943 371 2022 Inveniri
387 1952 567 2024 admirans
588 1978 802 2034 numerurm
825 1970 1047 2045 matresque,
1068 1953 1260 2047 virosque,

214 2065 427 2138 Conlectam
448 2069 573 2139 exsilio
592 2069 753 2163 pubem,
775 2066 975 2140 miserabile
995 2069 1132 2166 volgus

215 2180 386 2275 Undique
407 2200 625 2273 convenere,
650 2186 780 2258 animis
801 2182 1009 2278 opibusque
1028 2185 1160 2276 parati;

212 2298 258 2370 In
279 2323 531 2393 quascumque
549 2300 660 2370 velim
679 2301 808 2399 pelago
831 2299 1004 2370 deducere
1020 2314 1135 2371 terrast

209 2410 365 2508 Jamque
380 2414 476 2512 jugis
495 2439 657 2486 summae
678 2416 842 2515 surgebat
859 2410 1002 2485 Lucifer
1021 2411 1129 2503 ldae,

212 2521 449 2623 Ducebatque
470 2529 568 2600 diem
590 2557 598 2597 :
628 2517 817 2625 Danaique
840 2529 983 2603 obsessa
1000 2526 1170 2600 tenebant

212 2641 357 2713 Limina
375 2664 561 2738 portarum
578 2674 587 2724 ;
617 2669 684 2717 nec
703 2672 783 2741 spes
805 2647 886 2741 opis
908 2643 984 2715 ulla
1004 2641 1163 2717 dabatur,

213 2756 332 2847 Cessi,
355 2777 390 2831 et
411 2759 552 2833 sublato
574 2762 715 2834 montis
732 2761 891 2862 genitore
908 2756 1031 2857 petivi.
