3750 6217
981 481 1005 497 ’κ
1016 490 1022 495 ,
1045 446 1066 492 ι>

376 695 946 778 ἘΕΟΗΕῙΌΟΝ
1002 697 1032 771 Ι.
1091 724 1125 773 v.
1173 719 1265 795 457.
1384 717 1433 788 55

233 871 315 961 Ire,
339 891 461 963 neque
485 890 506 937 a
528 882 616 939 terra
634 882 783 939 moneat
800 868 1000 939 convellere
1022 863 1160 937 funem.

232 985 282 1058 At
300 986 352 1074 si,
372 1007 491 1079 quom
508 981 703 1077 referetque
721 979 843 1071 diem,
863 981 1067 1076 condetque
1085 982 1279 1086 relatum,
1312 990 1317 999 ’

233 1099 393 1173 Lucidus
415 1098 509 1170 orbis
529 1099 620 1187 erit,
642 1095 766 1169 frustra
784 1097 954 1168 tenebere
975 1095 1130 1186 nimbis,

233 1214 281 1288 Et
305 1218 399 1288 claro
422 1213 526 1285 silvas
548 1236 671 1284 cemes
690 1209 875 1305 Aquilone
899 1212 1048 1286 moveri.

232 1328 431 1425 Denique,
456 1325 546 1421 quid
564 1324 705 1421 Vesper
722 1350 820 1429 serus
837 1327 963 1417 vehat,
989 1326 1087 1398 unde
1107 1349 1243 1397 serenas

233 1443 376 1516 Ventus
399 1459 479 1540 agat
502 1440 638 1530 nubes,
662 1439 752 1534 quid
773 1442 905 1539 cogitet
925 1441 1100 1514 humidus
1118 1438 1264 1531 Auster,

233 1556 298 1633 Sol
320 1559 388 1630 tibi
415 1558 513 1655 signa
537 1555 647 1628 dabit
687 1556 802 1626 solem
829 1556 912 1648 quis
931 1556 1046 1628 dicere
1071 1554 1201 1626 falsum

235 1673 411 1747 Audeat?
439 1673 501 1742 ille
521 1671 628 1741 etiam
651 1693 774 1742 caecos
793 1669 919 1741 instare
939 1673 1117 1744 turnultus

234 1788 346 1883 Saepe
362 1804 510 1877 monet,
538 1784 774 1877 fraudemque
793 1802 829 1856 et
853 1802 975 1878 operta
997 1803 1194 1858 tumescere
1214 1783 1317 1859 bella

236 1905 306 1976 Ille
327 1904 436 1974 etiam
458 1901 634 1974 exstincto
652 1900 839 1971 miseratus
860 1897 1006 1973 Caesare
1027 1900 1209 1988 Romam,

235 2018 367 2124 Quom
388 2034 498 2112 caput
522 2016 673 2088 obscura
692 2013 851 2086 nitidum
868 2012 1041 2113 ferrugine
1054 2016 1166 2121 texit,

236 2133 417 2228 Inpiaque
437 2148 617 2204 aeternam
637 2131 834 2202 timuerunt
855 2132 994 2217 saecula
1014 2151 1171 2204 noctem.
1239 2214 1241 2218 μ

235 2247 421 2345 Tempore
440 2271 665 2343 quamquam
684 2245 749 2317 illo
770 2247 874 2317 tellus
891 2270 1063 2341 quoque,
1086 2265 1121 2320 et
1137 2270 1291 2342 aequora
1309 2249 1436 2342 ponti,

234 2364 469 2456 Obscenique
491 2387 617 2452 canes,
645 2361 932 2457 inportunaeque
949 2364 1115 2463 ¹volucres

235 2475 342 2578 Signa
361 2476 504 2550 dabant
543 2477 712 2571 quotiens
730 2476 938 2571 Cyclopum
955 2476 1115 2551 effervere
1135 2479 1173 2550 in
1189 2502 1290 2579 agros

236 2592 411 2668 Vidimus
431 2593 629 2666 undantem
650 2593 764 2687 ruptis
783 2590 988 2665 fornacibus
1007 2592 1187 2683 Aetnam,
1315 2566 1324 2598 '

236 2707 554 2804 flammarumque
574 2708 732 2808 globos,
756 2705 1021 2805 liquefactaque
1040 2712 1182 2782 volvere
1203 2711 1308 2783 saxa!

235 2822 429 2897 Armomm
452 2825 613 2897 sonitum
632 2841 713 2895 toto
735 2822 926 2895 Germania
945 2825 1049 2896 coelo

236 2937 364 3011 Audiit
385 2967 394 3008 t
423 2940 578 3012 insolitis
596 2957 816 3014 tremuerunt
835 2938 998 3011 motibus
1016 2939 1136 3035 Alpes.

237 3051 328 3124 Vox
346 3077 499 3147 quoque
521 3077 585 3148 per
608 3055 712 3126 lucos
735 3056 846 3153 volgo
867 3053 1031 3126 exaudita
1049 3055 1193 3127 silentes

239 3166 373 3266 ingens
392 3195 401 3236 r
431 3184 467 3239 et
484 3166 669 3240 simulacra
685 3170 805 3243 modis
829 3169 1000 3265 pallentia
1022 3171 1122 3243 miris

238 3280 329 3355 Visa
349 3283 415 3355 sub
436 3280 628 3356 obscurum
654 3285 798 3358 noctis:
829 3284 1057 3380 pecudesque
1075 3288 1241 3376 locutae,

238 3395 435 3470 Infandum
457 3400 466 3469 ἒ
496 3398 624 3473 sistunt
639 3424 788 3490 amnes,
810 3420 992 3495 terraeque
1011 3403 1218 3492 dehiscunt,

238 3511 284 3586 Et
301 3533 476 3587 maestum
499 3515 700 3588 inlacrimat
725 3518 874 3611 templis
898 3517 1007 3607 ebur,
1029 3544 1176 3614 aeraque
1202 3517 1339 3591 sudant

237 3626 375 3701 Proluit
396 3630 525 3702 insano
547 3651 796 3726 contorquens
814 3634 948 3705 vortice
971 3633 1075 3708 silvas

237 3739 447 3817 Fluviomm
462 3769 524 3816 rex
543 3746 737 3836 Eridanus,
764 3760 987 3842 camposque
1005 3775 1070 3845 per
1086 3749 1207 3821 omnis

237 3856 334 3929 Cum
355 3859 503 3931 stabulis
524 3879 681 3932 armenta
699 3862 793 3932 tulit.
832 3885 899 3933 nec
918 3880 1082 3958 tempore
1102 3863 1234 3934 eodem

237 3970 417 4044 Tristibus
440 3991 502 4074 aut
522 3973 611 4044 extis
632 3974 739 4047 fibrae
760 3975 925 4071 adparere
947 3981 1123 4068 minaces,

238 4086 312 4158 Aut
328 4087 447 4181 puteis
465 4110 607 4158 manare
629 4113 732 4161 cruor
756 4093 927 4164 cessavit:
959 4112 993 4165 et
1012 4096 1103 4166 altae
1178 4123 1186 4135 t
1304 4083 1311 4091 ⁵

240 4201 305 4271 Per
325 4218 470 4272 noctem
492 4225 671 4284 resonare,
691 4205 788 4300 lupis
808 4209 1048 4299 ululantibus,
1068 4209 1191 4283 urbes:
1217 4214 1220 4221 '

239 4315 326 4387 Non
347 4317 433 4388 alias
452 4318 557 4389 coelo
581 4318 781 4392 cecidemnt
800 4325 900 4417 plura
924 4348 1049 4397 sereno

240 4429 416 4530 Fulgura:
445 4456 512 4506 nec
532 4433 598 4505 diri
622 4435 755 4508 totiens
779 4463 888 4510 arsere
912 4458 1082 4512 cometae.

242 4543 332 4645 Ergo
353 4548 443 4620 inter
464 4573 539 4621 sese
560 4550 704 4646 paribus
725 4575 929 4624 concunere
954 4555 1035 4627 telis
