3750 6217
699 534 856 625 938
1057 524 2793 611 AENEIDOSVI.‡·;1500.

695 698 926 769 Multa
964 697 1142 767 inter
1183 722 1329 768 sese
1361 698 1554 768 vario
1597 708 1927 767 sermone
1968 696 2332 769 serebant:

696 810 938 917 Quem
983 812 1261 883 socium
1303 811 1712 883 exanimem
1752 832 1984 901 vateS,
2029 811 2233 904 quod
2270 830 2533 903 corpus
2574 800 3091 881 humandum

697 926 1000 999 Diceret.
1074 934 1294 1018 atque
1329 927 1436 996 illi
1477 926 1840 998 Misenum
1884 928 1957 997 in
1998 926 2201 997 litore
2244 926 2475 1011 sicce,

697 1042 796 1113 Ut
831 1066 1085 1113 venere
1107 1095 1128 1129 ‚
1168 1041 1414 1112 vident
1454 1041 1748 1137 indigna
1781 1042 2013 1112 mo'rte
2052 1052 2455 1135 peremtum‘
2484 1068 2503 1117 ;

699 1156 1064 1229 Misenum
1107 1148 1464 1227 Aeoliden
1509 1184 1524 1223 τ
1586 1180 1736 1248 quo
1779 1180 1930 1227 non
1974 1155 2437 1251 praestantior
2468 1156 2651 1226 alter

697 1270 878 1343 Aere
919 1272 1097 1342 ciere
1133 1272 1318 1343 viros
1341 1327 1362 1361 ‚
1411 1272 1862 1365 Martemque
1902 1272 2293 1342 adcendere
2332 1276 2566 1341 cantu·

699 1386 1028 1457 Hectoris
1063 1385 1178 1455 hic
1211 1380 1456 1483 magni
1495 1383 1719 1456 fuerat
1757 1406 2003 1457 comes
2028 1438 2049 1475 ,
2106 1387 2410 1457 Hectora
2446 1384 2731 1457 circum

699 1498 794 1573 Et
828 1500 1010 1571 lituo
1050 1526 1326 1597 pugnas
1363 1501 1660 1598 insignis
1702 1498 1949 1573 obibat
1988 1522 2056 1573 et
2096 1503 2311 1573 hasta.

703 1616 1102 1709 Postquam
1142 1617 1352 1686 illum
1391 1617 1532 1687 vita
1572 1617 1798 1687 victor
1838 1618 2174 1713 spoliavit
2210 1616 2565 1707 Achilles,

702 1731 1064 1804 Dardanio
1105 1730 1388 1803 Aeneae
1431 1754 1578 1803 sese
1616 1731 2045 1805 fortissimus
2080 1735 2287 1803 heros

701 1846 1094 1919 Addiderat
1134 1850 1409 1919 socium
1435 1904 1456 1935 ‚
1509 1868 1662 1917 non
1701 1848 2029 1917 inferiora
2071 1868 2371 1920 secutus.

705 1962 844 2035 Sed
885 1982 1085 2051 tum,
1130 1961 1310 2033 forte
1345 1978 1512 2034 cava
1551 1962 1728 2031 dum
1765 1983 2099 2057 personat
2136 1958 2445 2056 a'equora
2484 1962 2823 2057 concha3

705 2078 1066 2165 DemenS,
1103 2090 1176 2148 et
1213 2076 1423 2148 cantu
1462 2094 1669 2147 vocat
1709 2077 1782 2145 in
1819 2081 2199 2149 certamina
2236 2080 2445 2149 divos
2468 2132 2488 2167 ‚

703 2192 1054 2265 Aemulus
1094 2212 1477 2288 exceptum
1519 2191 1777 2263 Triton
1817 2194 1926 2285 (si
1964 2195 2245 2265 credere
2286 2193 2589 2289 dignum
2634 2197 2815 2289 est)

702 2310 899 2381 Inter
936 2332 1096 2380 saxa
1129 2309 1364 2378 virum
1402 2333 1742 2401 spumosa
1781 2310 2190 2380 inmerserat
2231 2310 2444 2380 unda;

701 2420 889 2523 Ergo
933 2447 1187 2495 omnes
1225 2434 1490 2521 magno
1532 2424 1797 2494 circum
1836 2428 2147 2495 clamore
2187 2422 2583 2493 fremebant
2614 2450 2635 2501 3

701 2538 1088 2633 Praecipue
1127 2540 1294 2633 pius
1333 2536 1626 2609 Aeneas.
1698 2557 1858 2609 tum
1885 2540 2078 2637 jussa
2115 2538 2460 2633 Sibyllae,

703 2640 922 2725 Haud
961 2679 1204 2745 mora,
1245 2653 1582 2726 festinant
1617 2652 1903 2742 flentes·‚
1951 2676 2287 2747 aramque
2329 2652 2635 2747 sepulcri

704 2769 1103 2868 Congerere
1142 2768 1510 2842 arboribus
1533 2824 1554 2858 ‚
1599 2771 1955 2861 coeloque
1996 2768 2291 2839 educere
2330 2787 2612 2840 certant.-

707 2886 858 2957 Itur
891 2887 968 2956 in
1007 2886 1384 2978 antiquam
1427 2885 1720 2974 silvam,
1766 2885 2043 2955 stabula
2075 2887 2215 2955 alta
2254 2884 2596 2955 serarum:

705 2998 1202 3071 Procumbunt
1237 3000 1477 3095 piceae
1525 3028 1542 3068 :
1601 3018 1809 3072 sonat
1849 3001 1983 3070 icta
2024 3000 2378 3072 securibus
2418 3001 2599 3069 ilex2

704 3114 1231 3207 Fraxineaeque
1266 3114 1497 3185 trabes
1521 3168 1541 3203 ‚
1593 3115 1835 3185 cuneis
1877 3133 1947 3184 et
1986 3115 2197 3186 fissile
2236 3114 2453 3185 robur

705 3228 1063 3301 Scinditur
1113 3256 1128 3296 :
1188 3228 1588 3300 advolvunt
1627 3232 1933 3326 ingentis
1968 3228 2341 3300 montibus
2380 3251 2617 3300 ornoss

706 3343 1014 3415 Necnon
1055 3342 1324 3415 Aeneas
1365 3364 1576 3437 opera
1615 3344 1795 3414 inter
1828 3345 1993 3413 talia
2032 3346 2309 3438 primus

707 3456 1051 3529 Hortatur
1089 3458 1324 3529 socios
1347 3513 1369 3548 ‚
1417 3458 1854 3551 paribusque
1892 3460 2287 3555 adcingitur
2326 3460 2557 3530 armis,-

707 3572 949 3668 Atque
982 3574 1152 3645 haec
1189 3574 1340 3668 ipse
1376 3598 1504 3645 suo
1547 3574 1722 3644 tristi
1764 3599 1929 3646 cum
1972 3575 2185 3645 corde
2222 3577 2538 3662 volutat,

706 3688 1151 3785 Adspectans
1195 3690 1446 3761 silvam
1489 3689 1891 3759 inmensam
1915 3745 1935 3777 ,
1984 3710 2056 3760 ct
2091 3690 2187 3761 sic
2224 3714 2401 3759 voce
2436 3709 2763 3783 precatur
2798 3720 2817 3764 ε

706 3802 778 3875 Si
815 3829 1008 3875 nunc
1046 3832 1117 3877 se
1158 3805 1373 3877 nobis
1407 3804 1529 3873 ille
1569 3828 1816 3875 aureus
1856 3806 2101 3875 arbore
2136 3830 2374 3875 ramus
