3750 6217
190 1227 216 1406 l

426 679 1243 794 Aannruosv1.v.721.
1358 730 1435 795 ²55

228 863 355 935 Dicam
375 864 571 959 equidem,
597 846 716 937 necte
735 887 973 958 suspensum,
998 885 1101 955 nate,
1125 857 1280 939 tenebe:

224 980 380 1075 Suscipit
397 979 591 1069 Anchises,
614 999 724 1075 atque
746 978 870 1066 ordine
889 980 1027 1077 singula
1046 980 1183 1075 pandit.

222 1096 464 1283 ᾒῐίηείρίο
486 1098 634 1190 coelum
656 1121 695 1167 ac
713 1114 838 1184 terras,
862 1119 1088 1189 camposque
1105 1098 1300 1190 liquentie,

217 1225 220 1229 ’
255 1230 495 1306 ucentemque
513 1211 666 1309 globum
686 1213 832 1298 Lunae,
855 1210 1071 1304 Titaniaque
1088 1230 1199 1303 astra,

222 1328 375 1423 Spiritus
395 1327 491 1421 intus
511 1328 594 1417 alit,
615 1345 802 1420 totamque
821 1324 939 1397 infusa
956 1351 1021 1419 per
1038 1347 1150 1398 artus·

222 1444 328 1521 Mens
349 1443 457 1541 agitat
477 1446 636 1532 molem,
663 1461 698 1514 et
718 1466 850 1539 magno
870 1466 906 1512 se
927 1466 1076 1536 corpere
1094 1443 1229 1515 miscet

220 1559 313 1630 Inde
334 1559 528 1629 hominum
546 1557 803 1653 pecudumque
823 1581 958 1656 genus,
979 1558 1145 1651 vitaeque
1160 1560 1369 1655 volantum,

219 1674 267 1746 Et
286 1698 377 1768 quae
393 1698 596 1761 marmoreo
615 1672 683 1745 fert
699 1690 858 1754 menstra
878 1671 948 1751 sub,
966 1697 1121 1765 aequore
1140 1694 1287 1768 pontus.

223 1790 357 1889 Igneus
374 1807 427 1864 est
445 1789 528 1877 ollis
546 1791 671 1888 vigor,
699 1807 734 1860 et
753 1789 916 1883 coelestis
933 1788 1035 1886 origo

219 1904 453 1993 Seminibus,
478 1925 655 1997 quantum
673 1928 750 1977 nun
768 1902 878 1985 noxia
896 1902 1046 1997 corpqra
1066 1904 1222 1993 tardant,

216 2019 437 2114 Tenenique
455 2021 624 2099 hebetant
642 2039 757 2108 artus,
782 2018 1074 2112 moribundaque
1093 2022 1268 2094 membra.

216 2135 313 2207 Hinc
323 2155 506 2226 metuunt,
522 2136 763 2231 cupiuntque:
778 2133 922 2224 dolent,
932 2134 1179 2233 gaudentque:
1193 2160 1312 2231 neque
1325 2163 1424 2213 auras
1523 2220 1525 2223 ,

216 2250 425 2346 Dispiciunt
442 2254 579 2326 clausae
599 2251 754 2333 tenebris
773 2267 808 2321 et
828 2274 960 2321 carcere
979 2261 1095 2338 caeco,

215 2363 317 2471 Quin
338 2385 374 2437 et
394 2391 563 2460 supremo
586 2392 703 2461 quom
722 2365 861 2457 lumine
880 2366 953 2439 vita
973 2367 1135 2459 reliquit,

214 2479 302 2552 Non
320 2499 441 2560 tamen
461 2508 574 2558 omne,
591 2484 732 2554 malum
750 2481 911 2571 misetis,
938 2506 1005 2564 nec
1024 2479 1186 2569 funditus
1205 2508 1335 2559 omnes
1417 2483 1420 2490 ’

214 2594 417 2691 Corporeae
438 2599 616 2671 excedunt
634 2616 751 2694 pestes
774 2622 783 2685 ².
811 2597 1028 2691 penitusque
1045 2621 1188 2670 necesse
1205 2616 1258 2672 est

212 2710 328 2784 Multa
348 2712 411 2784 diu
432 2696 594 2788 concreta
612 2714 734 2794 modis
754 2711 947 2791 inolescere
963 2713 1072 2786 miris.

212 2826 304 2927 Ergo
327 2848 530 2924 exercentur
548 2829 698 2925 poenis,
720 2846 954 2921 veterumque
971 2830 1157 2901 'malorum

146 3014 159 3019 ,,
211 2940 399 3039 Supplicia
419 2944 640 3038 expendunt
680 2944 769 3015 aliae
786 2942 998 3038 panduntur
1018 2943 1134 3032 inanis

87 3074 92 3083 “
210 3055 412 3153 Suspensae.
430 3060 620 3148 adventor
639 3087 650 3153 ²,
677 3059 756 3130 aliis
775 3058 843 3130 sub
861 3058 996 3156 gurgite
1014 3076 1115 3132 vasto

210 3171 392 3246 Infectum
412 3175 543 3247 eluitur
559 3177 692 3270 scelus,
710 3191 773 3245 aut
791 3171 947 3267 exuritur
966 3173 1039 3273 igni
1057 3200 1065 3241 ε
1144 3251 1147 3256 ,

209 3286 337 3361 Donec
355 3291 464 3389 longa
482 3290 580 3381 dies,
600 3288 757 3385 perfecto
777 3290 954 3384 temporis
971 3289 1080 3379 orbe,
1198 3315 1201 3321 ’

209 3403 423 3477 Concretam
444 3408 578 3479 exemit
595 3404 737 3495 labem,
759 3428 966 3499 purumque
984 3405 1129 3498 reliquit

172 3528 178 3541 '
212 3518 422 3616 Aetherium
444 3546 613 3612 sensum,
638 3537 745 3615 atque
763 3523 858 3591 aurai
877 3520 1052 3613 simplicis
1072 3521 1202 3619 ignem.

209 3632 374 3740 Quisque
393 3662 477 3728 suus
493 3638 651 3733 patimur
669 3636 787 3707 manis
808 3663 816 3703 ι
846 3635 979 3731 exinde
996 3659 1059 3729 per
1076 3640 1241 3731 amplum

206 3748 387 3843 Mittimur
407 3752 590 3847 Elysium,
617 3770 652 3824 et
668 3750 774 3847 pauci
792 3751 883 3823 laeta
904 3775 984 3822 arva
1002 3768 1175 3824 tenemus.

207 3864 284 3937 Has
304 3868 448 3957 qmnis,
476 3866 540 3943 ubi
560 3868 662 3937 mille
682 3885 798 3937 rotam
817 3869 960 3960 volvere
977 3889 1041 3959 per
1058 3890 1197 3954 annos,

205 3976 405 4056 Lethaeum
425 3981 470 4051 ad
489 3980 645 4054 fluvium
662 3981 752 4055 deus
770 4000 894 4053 evocat
912 3981 1058 4079 agmine.
1074 4004 1206 4079 magno
1224 4006 1233 4055 t

204 4092 346 4166 Scilicet
363 4097 581 4185 inmemores
597 4119 722 4196 supera
740 4114 781 4168 ut
800 4120 960 4183 connexa
979 4096 1153 4186 revisant,

204 4206 343 4284 Rursus
359 4230 393 4281 et
414 4211 586 4305 incipiant
606 4211 645 4290 in
665 4236 817 4305 corpora
832 4214 928 4288 velle
944 4213 1076 4299 reuerti.

203 4322 351 4410 Dixerat
367 4326 539 4406 Anchises
557 4352 571 4418 ².
595 4344 794 4421 natumque
814 4352 959 4421 unaque
978 4325 1155 4421 Sibyllam

102 4491 106 4497 ,
205 4438 419 4535 Goynventus
435 4442 540 4515 trahit
557 4442 596 4513 in
615 4442 779 4531 medios,
797 4441 1014 4538 turbamque
1032 4461 1244 4516 sonantem:

202 4552 249 4645 Et
266 4558 451 4630 tumulum
471 4558 586 4652 capit,
611 4557 708 4629 unde
730 4558 848 4629 omnis
867 4559 980 4655 longo
1002 4558 1128 4629 ordine
1149 4561 1265 4653 possit
