3750 6217
524 688 1054 773 ‘oroaorcorv
1110 696 1140 771 1.
1198 720 1231 772 v.
1276 698 1342 779 se.
1481 728 1533 799 43

330 858 532 941 Deucalion
555 888 710 937 vacuom
733 864 869 961 lapides
885 865 1028 966 jactavit
1052 864 1091 937 in
1112 866 1263 938 orbern:

330 982 437 1054 Unde
457 982 624 1053 homines
648 982 749 1071 nati,
778 981 909 1053 durum
933 1004 1054 1080 genus.
1100 1006 1182 1080 ergo
1207 1006 1298 1080 age,
1323 1001 1431 1055 terrae

329 1088 468 1197 Pingue
491 1098 611 1170 solum
635 1095 759 1191 primis
779 1099 964 1192 extemplo
984 1122 1003 1166 a
1023 1097 1209 1171 mensibus
1226 1097 1313 1169 anni

329 1205 453 1285 Fortes
478 1212 656 1282 invortant
677 1210 792 1300 tauri,
821 1212 1015 1309 glebasque
1034 1213 1181 1310 jacentis

330 1320 579 1399 Pulverulenta
598 1346 731 1420 coquat
746 1327 893 1399 maturis
911 1318 1048 1398 solibus
1065 1343 1183 1399 aestas,

330 1440 379 1514 At
399 1442 428 1514 si
450 1465 528 1512 non
550 1435 654 1512 fuerit
672 1443 777 1513 tellus
797 1438 977 1529 fecunda,
1004 1434 1071 1513 sub
1090 1443 1212 1537 ipsum

327 1555 520 1637 Arcturum
544 1552 643 1627 tenui
665 1574 715 1629 sat
738 1556 801 1628 erit
828 1556 1044 1650 suspendere
1070 1558 1194 1628 sulcos

331 1672 437 1763 Illic,
464 1668 620 1743 officiant
644 1673 743 1744 laetis
771 1695 816 1743 ne
841 1668 1001 1769 frugibus
1025 1671 1175 1743 herbae:

330 1781 428 1877 Hic,
455 1779 606 1860 sterilem
626 1784 775 1885 exiguus
794 1810 840 1857 ne
861 1786 996 1859 deserat
1017 1779 1149 1858 humor
1166 1811 1318 1862 arenam.
1337 1814 1339 1817 ·

330 1902 484 1975 Alternis
505 1901 603 1972 idem
624 1918 745 1974 tonsas
768 1927 897 1973 cessare
919 1902 1088 1991 novalis,

331 2017 378 2089 Et
398 2040 543 2116 segnem
564 2018 695 2111 patiere
720 2018 789 2089 situ
809 2017 990 2097 durescere
1011 2034 1192 2113 campum.

331 2130 404 2205 Aut
429 2132 479 2204 ibi
504 2130 592 2203 flava
614 2156 730 2221 seres,
754 2148 893 2203 mutato
916 2124 1055 2223 sidere,
1080 2132 1189 2225 fana,

218 2250 223 2263 '
331 2242 437 2320 Unde
459 2248 557 2343 prius
578 2249 712 2320 laetum
734 2249 865 2343 siliqua
887 2266 1074 2342 quassante
1100 2250 1291 2349 legumen,

330 2361 403 2437 Aut
421 2361 538 2435 tenuis
555 2361 646 2437 fetus
663 2364 799 2454 viciae,
822 2360 999 2458 tristisque
1019 2357 1137 2457 lupini

330 2475 517 2551 Sustul'eris
540 2474 669 2577 fragilis
692 2480 878 2570 calamos,
903 2480 1102 2573 silvamque
1123 2498 1322 2553 sonantem.

332 2586 408 2665 Urit
428 2594 524 2665 enim
546 2593 611 2664 lini
638 2619 810 2690 campum
832 2620 957 2695 seges,
980 2596 1049 2665 urit
1069 2620 1222 2667 avenae:

332 2706 448 2780 Urunt
467 2707 622 2780 Lethaeo
650 2708 791 2805 perfusa
812 2732 984 2805 papavera
1006 2734 1150 2781 somno.

332 2820 403 2893 Sed
420 2842 542 2896 tamen
559 2824 700 2896 alternis
719 2817 832 2895 facilis
849 2823 952 2895 labor
971 2846 979 2893 t
1008 2816 1103 2894 arida
1118 2842 1260 2896 tantum

332 2932 390 3008 Ne
410 2956 557 3009 saturare
575 2935 664 3009 fimo
682 2932 810 3034 pingui
826 2932 960 3033 pudeat
983 2938 1082 3018 sola;
1104 2963 1193 3009 neve

333 3045 469 3123 Effetos
487 3051 642 3121 cinerem
663 3044 884 3122 inmundum
899 3053 1026 3149 jactare
1049 3075 1113 3145 per
1132 3068 1244 3150 agros,

333 3163 392 3237 Sic
415 3188 566 3259 quoque
590 3159 734 3236 mutatis
756 3167 982 3260 requiescunt
1001 3163 1131 3241 fetibus
1152 3188 1241 3239 arva.

332 3276 412 3352 Nec
435 3281 535 3351 nulla
556 3278 686 3351 interea
710 3298 762 3352 est
782 3281 930 3352 inaratae
956 3282 1061 3380 gratia
1081 3301 1198 3355 tetrae.

332 3392 446 3492 Saepe
463 3390 567 3468 etiam
589 3395 714 3468 sterilis
730 3395 918 3468 incendere
940 3390 1077 3491 profuit
1100 3422 1229 3497 agros,
1345 3470 1352 3482 ,

331 3508 453 3606 Atque
473 3513 589 3582 levem
608 3510 779 3605 stipulam
797 3504 1049 3607 crepitantibus
1070 3538 1168 3586 urere
1187 3506 1368 3595 flammise

330 3622 410 3699 Sive
431 3626 516 3699 inde
540 3626 697 3699 occultas
720 3627 832 3718 vires,
862 3644 898 3699 et
918 3620 1054 3722 pabula
1074 3644 1182 3703 terrae
1243 3670 1247 3677 ·

331 3739 483 3842 Pinguia
503 3740 738 3836 concipiunt:
768 3742 840 3816 sive
860 3743 930 3817 illis
950 3724 1062 3816 omne
1077 3766 1141 3842 per
1159 3746 1282 3844 ignem

330 3856 555 3951 Excoquitur
572 3858 719 3946 vitium,
747 3876 855 3953 atque
878 3858 1026 3931 exsudat
1044 3858 1178 3935 inutilis
1192 3860 1325 3933 humor
1339 3882 1351 3933 t

331 3970 402 4044 Seu
419 3973 532 4068 pluris
551 3973 647 4043 calor
663 3970 724 4044 ille
741 3973 815 4047 vias
832 3993 868 4047 et
885 3998 987 4045 caeca
1002 3975 1133 4049 relaxat

331 4085 578 4183 Spitamenta,
606 4110 717 4160 novas
736 4086 854 4162 veniat
874 4113 946 4184 qua
967 4113 1071 4165 sucus
1091 4090 1129 4163 in
1147 4090 1296 4166 herbas:

332 4202 404 4274 Seu
424 4203 525 4274 durat
544 4203 681 4302 magis,
708 4222 743 4275 et
760 4230 869 4279 venas
892 4206 1076 4304 adstringit
1095 4206 1244 4281 hiantist

332 4315 390 4390 Ne
410 4337 535 4391 tenues
557 4318 729 4415 pluviae,
752 4320 910 4417 rapidive
927 4308 1089 4416 potentia
1104 4321 1191 4399 solis

333 4433 486 4526 Acrior,
513 4454 574 4507 aut
596 4432 726 4507 Boreae
748 4437 967 4532 penetrabile
992 4434 1101 4538 frigus
1121 4436 1251 4512 adurat.

333 4546 494 4624 Multum
521 4551 643 4644 adeo,
668 4553 781 4627 tastris
807 4552 927 4652 glebas
954 4550 1019 4645 qui
1044 4552 1171 4655 frangit
1196 4554 1342 4645 inertis,

1227 4667 1256 4739 1²
1290 4691 1310 4741 o
