3750 6217
453 779 901 860 ¹AENEIDOS
960 785 1037 859 IV.
1094 800 1128 858 tr.
1177 803 1240 882 94.
1376 786 1449 870 187

248 953 380 1048 Tuque
401 976 562 1047 puerque
583 973 693 1042 tuus,
716 976 889 1051 magnum
908 970 943 1022 et
965 949 1201 1022 memorabile
1226 970 1384 1040 nomen,

247 1069 327 1140 Una
347 1069 436 1139 dolo
456 1067 581 1138 divbm
605 1072 633 1141 si
653 1069 787 1139 femina
806 1069 897 1138 victa
919 1067 1075 1138 duorum
1097 1083 1157 1137 est.

248 1185 324 1255 Nec
345 1210 404 1254 me
428 1183 520 1254 adeo
542 1183 653 1273 fallit,
681 1184 829 1254 veritam
848 1198 883 1252 te
900 1183 1046 1252 moenia
1070 1199 1214 1269 nostra,

248 1298 435 1394 Suspectus
459 1298 624 1370 habuisse
646 1300 781 1370 domos
802 1297 1022 1395 Carthaginis
1048 1299 1146 1368 altae.

249 1414 320 1486 Sed
340 1415 421 1509 quis
444 1415 508 1483 erit
530 1415 665 1486 modus
689 1416 705 1485 Ρ
736 1433 796 1484 aut
812 1438 886 1507 quo
913 1437 1010 1482 nunc
1031 1413 1222 1483 certamino
1245 1408 1372 1482 tanta?

251 1528 353 1635 Quin
374 1530 498 1624 potius
523 1554 650 1624 pacem
675 1548 852 1600 aeternam
877 1545 1076 1622 pactosque
1096 1527 1328 1620 Hymenaeos

250 1645 466 1716 Exercemus
489 1644 505 1714 ?
535 1645 666 1735 habes,
691 1662 766 1714 tota
784 1644 888 1738 quod
904 1659 1025 1713 mente
1044 1643 1163 1737 petisti
1179 1664 1186 1709 e

250 1758 362 1831 Ardet
381 1782 504 1831 amans
526 1759 652 1850 Dido,
679 1761 854 1852 traxitque
874 1783 937 1852 per
956 1783 1034 1830 ossu
1058 1758 1224 1828 furorem.

252 1875 500 1945 Communem
516 1876 611 1946 lrunc
628 1901 710 1974 ergo
733 1876 936 1968 populum,
959 1874 1175 1966 paribusque
1190 1895 1352 1972 regamus
1429 1942 1432 1947 ,

251 1989 460 2085 Auspiciis:
491 1991 593 2061 liceat
612 1991 764 2089 Phrygio
789 1991 913 2061 servire
936 1990 1087 2078 marito,

253 2105 465 2198 Dotalisque
490 2123 570 2176 tuae
591 2106 720 2200 Tyrios
743 2106 945 2198 permittere
965 2105 1114 2176 dextrae

310 2221 386 2291 Olli
411 2222 540 2313 (sensit
561 2222 659 2291 enim
677 2220 842 2292 simulata
865 2224 985 2291 mente
1006 2222 1188 2310 locutam,

254 2335 340 2441 Quo
363 2360 512 2434 regnum
534 2337 653 2406 Italiae
673 2335 823 2429 Libycas
841 2352 1007 2406 averteret
1027 2337 1124 2428 oras)

252 2450 308 2522 Sic
330 2470 451 2521 contra
472 2470 523 2522 est
547 2452 698 2550 ingressa
715 2449 843 2522 Venus
867 2479 874 2518 :
906 2448 998 2553 Quis
1019 2453 1101 2521 talia
1123 2450 1273 2523 demens

253 2565 417 2654 Abnuat,
446 2583 506 2636 aut
525 2584 642 2638 tecum
666 2567 767 2636 malit
788 2565 1003 2637 contendere
1026 2565 1156 2636 bello?

254 2679 289 2749 Si
310 2682 446 2771 modo,
469 2682 571 2775 quod
591 2695 788 2770 memoras,
813 2680 945 2751 factum
968 2680 1109 2751 fortuna
1133 2700 1308 2775 sequatur.

254 2793 325 2865 Sed
341 2795 420 2866 latis
445 2797 573 2868 incerta¹
590 2795 702 2885 feror,
725 2797 754 2867 si
766 2796 932 2890 Juppiter
951 2821 1062 2865 unam

256 2911 340 2981 Esse
360 2912 446 2981 velit
465 2911 583 3004 Tyriis
601 2912 729 2981 urbem
750 2911 931 3004 Troiaque
951 2910 1143 3004 profectis,

255 3025 440 3097 Miscerive
462 3024 592 3118 probet
613 3028 795 3120 populos,
821 3043 881 3096 aut
904 3023 1046 3095 foedera
1062 3025 1175 3123 jungi.

256 3141 317 3209 Tu
340 3144 501 3238 conjunx
526 3168 534 3208 ε
565 3141 631 3211 tibi
654 3140 705 3212 fas
726 3141 890 3211 animum
909 3156 1041 3212 tentare
1062 3140 1251 3233 precandot

258 3256 394 3355 Perge:
425 3281 559 3349 sequar.
594 3274 673 3326 tum
699 3257 748 3326 sic
772 3257 911 3350 excepit
932 3257 1024 3351 regia
1044 3255 1164 3343 Juno:

257 3372 404 3443 Mecum
422 3372 486 3442 erit
506 3372 571 3442 iste
592 3372 701 3442 labor.
738 3396 833 3441 nnnc
854 3397 924 3463 qua
948 3371 1105 3458 ratione,
1129 3370 1231 3462 quod
1253 3371 1379 3463 instat,

257 3486 414 3559 Confieri
436 3486 574 3582 possit,
599 3486 742 3580 paucis,
767 3486 926 3573 adverte,
953 3485 1104 3556 docebor

257 3602 442 3674 Venatum
465 3602 601 3672 Aeneas
624 3626 769 3693 unaque
787 3602 984 3673 misenima
1001 3601 1101 3673 Dido

259 3720 304 3791 ln
327 3742 457 3791 nemus
482 3719 530 3788 ire
553 3735 700 3812 parant,
723 3717 787 3788 ubi
810 3718 947 3812 primos
970 3719 1137 3789 crastinus
1156 3734 1256 3790 ortus

259 3834 433 3906 Extulerit
453 3833 581 3920 Titan,
606 3833 785 3926 radiisque
808 3833 969 3904 retexerit
989 3833 1124 3904 orbern.

260 3951 325 4021 His
340 3975 408 4048 ego
429 3947 628 4045 nigrantem
652 3949 836 4021 conmixta
852 3949 1022 4046 grandine
1045 3949 1238 4038 nimbum,

261 4065 362 4136 Dum
378 4063 557 4157 trepidant
574 4065 669 4152 alae,
694 4065 874 4156 saltusque
894 4064 1062 4162 indagine
1070 4067 1252 4163 cingunt,

262 4179 423 4274 Desuper
441 4177 656 4268 infundam,
679 4197 714 4250 et
731 4181 866 4251 tonitru
887 4183 1033 4251 coelum
1055 4206 1163 4252 omne
1187 4179 1300 4252 ciebo.

263 4294 461 4392 Diffugient
480 4296 653 4383 comites,
682 4313 718 4366 et
738 4312 844 4366 nocte
864 4314 1025 4394 tegentur
1049 4321 1183 4391 opaca:

260 4410 479 4505 Speluncam
501 4410 600 4483 Dido
627 4410 702 4481 dux
727 4429 761 4482 et
783 4410 961 4484 Troianus
987 4411 1155 4483 eamdem

262 4524 469 4598 Devenielrt.
514 4528 643 4616 adero,
666 4546 723 4616 et,
746 4546 808 4599 tua
827 4528 855 4599 si
874 4528 964 4597 mibi
988 4546 1078 4600 certa
1097 4530 1289 4620 voluntas,
1351 4530 1356 4545 '

263 4641 460 4715 Conuubio
476 4644 629 4742 jungam
648 4639 787 4733 stabili,
814 4645 1072 4739 propriamque
1092 4645 1232 4716 dicabo.

1113 4761 1180 4831 Aa
1214 4783 1231 4831 a
