3750 6217
394 665 396 668 Ι
480 667 1035 801 Α-ΕΝΕΙΠΟᾮΧ.
1094 749 1128 800 v.
1185 727 1275 802 160.
1409 747 1490 825 &39

273 893 433 983 Eventus
450 871 539 962 belli
556 892 708 970 varios‘r
738 889 929 982 Pallasque
950 890 1091 964 sinistro

273 1000 425 1081 Adfixus
446 1007 545 1079 lateri
558 1008 636 1104 jam
658 1005 795 1100 quaerit
816 1003 951 1094 sidera,
972 1028 1110 1111 ppacae

273 1123 403 1197 Noctis
421 1124 503 1210 iter,
519 1123 598 1219 jam
619 1147 712 1215 quae
728 1144 853 1216 passus
873 1139 1036 1214 terraque
1056 1122 1229 1214 marique

331 1222 482 1308 Pandite
502 1261 601 1315 nunc
621 1232 819 1325 Helicona,
843 1234 964 1324 Deae,
985 1241 1184 1332 cantusque
1202 1253 1369 1319 movete:

273 1347 380 1458 Quae
399 1373 533 1424 manus
551 1346 682 1424 interea
698 1332 826 1424 Tuscis
846 1352 1039 1425 comitetur
1058 1354 1103 1423 ab
1123 1353 1194 1425 oris

273 1469 443 1556 Aenean,
462 1481 647 1560 armetque
667 1486 780 1555 rates,
802 1469 1007 1564 pelagoque
1026 1468 1184 1567 rebatur.
1284 1516 1287 1521 ,

332 1574 507 1654 Massicus
526 1601 640 1654 aerata
658 1581 825 1676 princeps
844 1591 936 1653 secat
953 1607 1109 1677 aequora
1128 1582 1247 1679 Tigri:

274 1683 349 1770 Sub
371 1721 446 1790 quo
461 1697 569 1767 -mille
587 1715 718 1769 manus
733 1696 931 1792 juvenum,
952 1698 1017 1790 qui
1037 1696 1185 1768 moenia
1206 1695 1334 1787 Clusi,

275 1804 426 1917 Quique
444 1801 573 1885 urbem
593 1812 729 1905 li'quere'
750 1809 862 1882 Cosas
884 1819 891 1879 i
923 1814 1006 1904 quis
1025 1815 1114 1901 tela,
1136 1811 1301 1911 sagittae,

275 1925 480 2021 Gorytique
497 1928 592 1996 leves
609 1925 789 2014 humeris,
815 1944 850 1996 et
869 1926 982 1996 letifer
1002 1945 1110 1999 arcus.

275 2038 356 2113 Una
374 2060 496 2111 torvus
517 2036 639 2112 Abas:
669 2038 755 2110 huic
772 2057 893 2111 totum
912 2040 1114 2139 insignibus
1135 2042 1242 2113 armis

277 2155 443 2254 Agmen,
473 2173 515 2235 et
528 2168 649 2227 aurato
671 2151 829 2252 fulgebat
848 2153 1021 2248 Apolline
1040 2155 1189 2251 puppis.

276 2267 471 2342 Sexcentos
488 2256 542 2340 illi
563 2251 707 2341 derlerat
727 2269 936 2362 Populonia
955 2279 1069 2342 mater

276 2385 454 2481 Expertos
471 2383 587 2455 belli
573 2404 754 2482 juvenes:
784 2402 838 2454 ast
860 2384 934 2454 Ilva
955 2404 1133 2458 trecentos

277 2498 423 2590 Insula,
449 2496 665 2572 inexhaustis
686 2497 892 2592 Chalybum
914 2520 1083 2596 generosa
1100 2486 1266 2569 metallis.

275 2610 442 2703 Tertius,
462 2597 523 2685 ille
542 2600 741 2685 hominum
759 2600 960 2705 divbmque
981 2613 1152 2708 interpres
1172 2612 1319 2707 Asylas,

238 2748 247 2759 ·
276 2727 347 2799 Cui
367 2728 552 2824 pecudum
572 2728 700 2818 fibrae,
721 2727 815 2801 coeli
833 2752 891 2798 cur
881 2712 1023 2799 sidera
1040 2746 1188 2822 parent,

274 2843 321 2915 Et
341 2845 496 2941 linguae
503 2844 719 2931 volucrum,
741 2865 777 2915 et
797 2843 954 2940 praesagi
973 2841 1166 2912 fulminis
1156 2856 1279 2945 rgnes,

274 2956 379 3028 Mille
397 2956 490 3049 rapit
510 2956 643 3029 densos
663 2958 738 3028 acie
750 2975 891 3049 ,atque
910 2943 1139 3064 horrentibus
1155 2940 1271 3028 hastis.

275 3071 356 3143 Hos
375 3096 526 3169 parere]
517 3056 644 3143 ubent
662 3069 823 3165 Alpheae
842 3052 888 3140 ab
907 3056 1043 3172 origine
1062 3052 1183 3142 Pisaei

275 3172 370 3259 Urb‘s
389 3180 535 3258 Etrusca
557 3184 648 3257 solo
690 3185 849 3278 sequitur
868 3186 1129 3278 pulcherrimus
1149 3183 1274 3275 Astur,

275 3299 383 3374 Astur
400 3310 499 3393 equo
521 3296 658 3404 fidens,
682 3318 717 3373 et
734 3290 1009 3372 versicoloribus
1028 3300 1145 3371 armis

276 3409 495 3489 Tercentum
516 3401 711 3513 adjiciunt,
733 3438 837 3486 mens
856 3415 1028 3487 omnibus
1043 3440 1115 3487 una
1133 3403 1331 3507 sequendi,
1426 3442 1429 3451 ·

277 3524 355 3636 Qui
375 3520 521 3602 Caerete
542 3529 678 3638 domo,
697 3530 764 3625 qui
785 3534 868 3602 sunl
887 3529 1091 3602 Minionis
1084 3555 1121 3600 in
1139 3531 1248 3620 arvis,

275 3643 322 3718 Et
340 3646 446 3744 Pyrgi
465 3666 619 3734 veteres,
640 3646 982 3753 intempestaeque
972 3634 1168 3717 Graviscae

333 3760 423 3831 Non
441 3774 508 3859 ego
528 3779 587 3849 te,
614 3755 789 3858 Ligurum
807 3741 936 3832 (luctor
955 3759 1148 3833 fortissime
1166 3757 1291 3848 bello,

278 3866 495 3945 Transierim
510 3861 692 3969 ,Cinyra,
715 3880 750 3946 ei
769 3876 894 3982 paucis
912 3876 1082 3947 con'iitate
1103 3873 1280 3969 Cupavu,

279 3989 394 4086 Cujus
415 3988 577 4059 olorinae
598 3998 748 4087 surgunt
766 3976 813 4061 de
831 3991 962 4062 vertice
980 4012 1145 4086 pennae:

279 4096 429 4175 Crimen'
441 4144 463 4192 ‚2-
473 4100 614 4191 Amor,
633 4115 808 4193 vestrum,
829 4103 1040 4198 formaeque
1059 4104 1198 4201 insigne
1215 4116 1392 4197 paternae.

278 4214 451 4311 Namque
471 4215 614 4304 ferrent,
639 4217 737 4289 luctu
757 4217 925 4313 Cycnum
947 4204 1178 4291 Phaethontis
1197 4218 1329 4307 amati,

282 4331 468 4427 Populeas
487 4331 579 4404 inter
596 4320 742 4403 frondes
762 4332 1004 4428 umbramque
1023 4348 1189 4407 sororum

281 4444 384 4519 Dum
404 4447 527 4536 canit,
553 4465 589 4518 et
608 4453 789 4518 maestum
806 4448 911 4521 Musa
931 4452 1065 4521 solatur
1084 4468 1272 4539 amorem,

283 4560 486 4637 Canentem
504 4550 614 4635 molli
630 4563 761 4658 pluma
780 4561 922 4637 duxisse
940 4576 1141 4641 senectam:

1110 4665 1235 4751 Uua
1350 4631 1353 4637 Ι
