3750 6217
372 650 450 740 s64
549 644 995 720 AENEIDOS
1051 643 1158 714 Vll.¹
1218 664 1250 712 r:
1304 665 1367 738 94:

371 785 491 908 litque
510 813 634 884 harum
653 807 794 882 effultus
813 825 910 904 tergo
933 805 1117 897 stratisque
1132 805 1272 906 jacebat

370 915 585 1002 Velleribus.
624 927 740 998 subita
755 947 800 995 ex
819 925 892 993 alto
909 945 984 991 vox
1003 921 1139 993 reddita
1158 925 1241 995 luco
1264 915 1339 996 ests¹

374 1073 398 1103 σε
410 1045 466 1116 Ne
486 1063 566 1140 pete
585 1041 777 1113 connubiis
794 1061 916 1109 natam
937 1038 1068 1108 sociare
1089 1037 1244 1126 Latinis,

375 1160 447 1233 230
466 1183 546 1230 mea
565 1155 771 1254 progeniem
792 1154 957 1226 thalamis
977 1175 1048 1222 nen
1069 1155 1170 1224 crede
1194 1144 1330 1248 paratist

375 1307 400 1347 s,
413 1274 554 1345 Externi
573 1257 724 1343 veniunt
741 1269 859 1369 generi
875 1295 885 1358 3
913 1269 977 1362 qui
997 1270 1167 1365 sanguine
1187 1279 1352 1341 nostrum

376 1401 401 1462 ὁ,
414 1391 559 1459 Nomen
581 1388 619 1474 in
638 1405 726 1459 astra
744 1385 874 1475 femnt3
899 1398 1133 1478 quorumque
1152 1384 1196 1454 ab
1216 1384 1324 1478 stirpe
1342 1369 1492 1479 nepoies

378 1545 402 1574 a,
413 1504 550 1575 Omnia
568 1503 633 1574 sub
652 1502 830 1596 pedibus,
853 1526 925 1594 qna
945 1500 1001 1572 so'l
1018 1519 1212 1593 utrumque
1231 1525 1408 1572 recurrens

379 1613 578 1712 „Adspicit
595 1619 783 1688 Oceanum
795 1615 982 1709 „vertique
1000 1616 1144 1712 regique
1161 1614 1345 1687 videbunt
1360 1619 1382 1685 si

378 1725 475 1806 Haec
494 1755 663 1827 responsa
681 1732 788 1828 patris
802 1732 934 1821 Fauni,
953 1731 1187 1824 monitusque
1208 1731 1325 1802 silenti

377 1843 495 1948 Nocte
514 1849 640 1936 clatos3
666 1871 743 1918 non
759 1848 836 1941 ipse
855 1859 920 1919 suo
941 1847 1150 1941 premitore
1171 1846 1342 1918 Latinus:

378 1953 449 2036 Sed
469 1964 602 2035 circum
623 1966 691 2034 late
710 1963 864 2032 volitans
876 1965 952 2060 jam
974 1962 1079 2031 Fame
1098 1986 1162 2056 per
1180 1961 1277 2032 urbis

378 2063 556 2151 Ausonias
575 2079 722 2156 tuleram
746 2081 864 2170 quoin
885 2077 1148 2147 Laomedontia
1169 2076 1285 2171 pubes

381 2185 576 2265 Gramineo
596 2193 693 2287 ripae
713 2193 870 2290 religavit
887 2194 932 2262 ab
953 2218 1074 2290 aggere
1095 2195 1271 2263 classem„

438 2309 592 2393 Aeneam
615 2307 796 2401 primique
814 2307 940 2397 duces,
963 2326 998 2378 et
1017 2309 1164 2400 pulcher
1184 2306 1309 2396 Iiilus3

382 2421 544 2517 Corpora
562 2422 627 2494 sub
644 2423 750 2494 ramis
769 2423 960 2517 deponuni
978 2422 1110 2492 arboris
1130 2425 1242 2494 alme:

381 2539 652 2636 instituuntque
670 2537 801 2633 dapes,
825 2556 860 2609 et
878 2537 1007 2609 adorea
1023 2538 1095 2607 liba
1111 2563 1174 2631 per
1193 2534 1338 2610 herbani

382 2653 584 2758 Subjici'u'nt
602 2647 740 2747 epulis,
761 2655 834 2747 (sic
849 2654 1016 2749 Juppiter
1034 2653 1095 2723 ille
1114 2652 1307 2744 monebat)

382 2768 430 2840 Et
447 2767 590 2840 Cereale
608 2770 728 2840 solum
748 2770 870 2864 pomis
889 2768 1082 2867 agrestibus
1102 2771 1239 2866 augent

383 2871 594 2982 Consumtis
613 2879 670 2954 hic
687 2883 777 2956 forte
796 2886 895 2974 aliis5
915 2886 956 2956 ui
975 2890 1105 2955 vertere
1123 2887 1262 2956 morsus

383 2999 558 3098 Exiguam
572 3000 612 3070 in
633 2998 794 3071 Cererem
814 2991 963 3095 penuria
981 3000 1099 3097 adegit
1118 2998 1272 3087 edendi3

383 3108 431 3187 Et
447 3105 579 3186 iriolare
597 3139 708 3185 manu
725 3114 902 3208 malisque
917 3114 1110 3192 audacibus
1131 3115 1258 3185 orbem

383 3229 513 3301 Fatalis
531 3231 658 3317 ¹crusti,
682 3231 812 3323 patulis
832 3251 897 3300 nec
915 3254 1055 3324 parcere
1076 3230 1241 3323 quadris:
1294 3306 1300 3318 ,
1323 3313 1326 3322 ¹

328 3327 335 3336 ,
385 3341 485 3413 Heus
506 3344 513 3411 !
544 3344 651 3426 etiam
671 3369 812 3417 mensas
832 3346 1116 3418 consumimus?
1146 3345 1265 3438 inquit
1285 3341 1413 3423 liilust¹

385 3445 463 3558 Nec
482 3457 584 3551 plura
601 3457 783 3530 adludens.
820 3485 860 3530 ea
877 3484 950 3530 vox
969 3461 1086 3530 audita
1106 3461 1272 3531 laborum

386 3571 505 3642 Prima
522 3572 603 3642 tulit
622 3572 755 3663 linem,
779 3577 1008 3669 primamque
1026 3577 1208 3668 loquentis
1225 3576 1271 3657 ab
1290 3598 1350 3645 ore

387 3685 528 3780 Eripuit
546 3706 666 3781 pater,
690 3711 729 3760 ac
749 3689 966 3785 stupefactus
983 3691 1135 3773 numine
1154 3691 1290 3785 pressit

387 3800 596 3900 Continuo,
618 3802 718 3874 Salve
739 3804 817 3877 fatis
838 3807 927 3875 mihi
947 3806 1066 3877 debita
1086 3806 1229 3894 Tellus,

387 3915 565 4011 Vosque,
591 3919 663 4009 ait,
688 3943 710 3990 σ
731 3920 793 3990 fidi
813 3920 944 3993 Troiae
965 3924 1093 3995 salvete
1113 3921 1270 3993 Penates:
1297 4003 1313 4014 ,Ι

387 4015 457 4103 llic
475 4032 630 4123 domus,
650 4034 737 4106 haec
755 4038 866 4130 patria
886 4057 947 4109 est.
984 4038 1123 4135 genitor
1142 4038 1233 4105 mihi
1254 4036 1357 4125 talisi,
1380 4027 1542 4132 namque

387 4144 494 4219 Nunc
511 4166 658 4241 repet0,
683 4148 854 4223 Anchises
872 4151 1029 4223 fatorum
1049 4161 1171 4222 ar'cana
1191 4153 1353 4244 reliquit:

388 4287 412 4318 ⁴⁶
430 4261 559 4368 Quom
576 4282 633 4354 te,
656 4286 760 4354 nate,
782 4267 894 4337 fames
914 4268 1036 4364 ignota
1054 4267 1100 4336 ad
1118 4269 1221 4338 litora
1240 4287 1382 4339 vectum

389 4417 412 4448 a,
430 4378 568 4476 Adcisis
586 4399 690 4478 coget
707 4381 863 4475 dapibus
881 4407 1090 4453 consumere
1110 4407 1273 4460 mensas;

388 4533 411 4568 u
427 4479 527 4568 Tum
547 4495 683 4592 sperare
700 4495 835 4571 domos
855 4495 1031 4590 defessus,
1053 4497 1177 4593 ibique
1195 4502 1380 4569 memento
