3750 6217
746 811 1140 980 NOTAE

596 1113 699 1198 ΙΝ
767 1123 1279 1201 BUCOLICA.

389 1340 465 1428 Eat.
492 1355 523 1426 I.
554 1373 613 1440 17.
646 1355 739 1426 Huic
758 1358 865 1427 versui
884 1357 1044 1427 subtexuit
1069 1357 1156 1426 molo
1182 1356 1287 1427 nescio
1313 1356 1402 1455 cujus
1431 1378 1547 1429 monus

332 1495 481 1573 versum,
506 1473 561 1567 qui
585 1497 605 1540 a
626 1470 715 1541 libris
737 1471 881 1541 omnibus
900 1475 1037 1567 antiquit
1059 1472 1164 1561 abest,
1188 1490 1219 1542 et
1238 1497 1258 1539 o
1267 1473 1420 1569 peritiore
1438 1474 1548 1567 quovis

332 1573 450 1657 Poitoe
469 1589 586 1657 editore
598 1612 659 1684 pro
680 1588 786 1684 spurio
806 1587 930 1656 babitus
942 1583 1034 1682 suit:

478 1700 592 1795 Saepe
610 1700 749 1771 sinistra
769 1724 852 1770 cava
872 1701 1048 1795 praedixit
1068 1686 1112 1771 ab
1133 1702 1214 1772 ilice
1232 1701 1367 1772 cornino.

388 1805 608 1886 ¹Aolumbra‘tus
635 1834 681 1885 est
704 1841 744 1885 ex
767 1805 843 1885 Ecl.
872 1817 936 1885 IX.
972 1824 1030 1903 15.
1073 1817 1149 1888 Non
1178 1836 1334 1916 comparet
1359 1807 1391 1886 in
1415 1820 1549 1888 vetustis

327 1930 505 2031 proboeque
535 1950 626 2001 notae
653 1929 844 1999 membranis
872 1923 1090 2002 Bibliothecae
1116 1932 1190 2001 olim
1204 1927 1434 2025 Jesuitornm,
1463 1955 1548 2001 nunc

331 2045 510 2115 Seminarii
527 2045 727 2144 Episcopalis
747 2045 839 2143 bajus
861 2048 1022 2135 civitatis,
1049 2073 1127 2142 quas
1151 2047 1231 2114 mibi
1256 2065 1350 2115 anteo
1370 2047 1549 2137 incognitas
1636 2125 1638 2131 ¹

332 2160 466 2251 benigne
498 2161 636 2256 ultroque
669 2158 780 2228 obtulit
824 2161 881 2229 Vir
915 2174 1037 2232 summe
1069 2162 1306 2249 Reverendus,
1344 2162 1396 2229 cai
1427 2160 1549 2229 credito

331 2273 550 2344 Bibliothecae
584 2275 758 2359 custodio,
791 2297 887 2365 quom
909 2278 985 2371 jam
1007 2278 1167 2371 Aeneidos
1190 2276 1308 2369 aliquot
1328 2271 1417 2371 solio
1436 2276 1549 2372 praelo

333 2390 450 2457 emissa
463 2383 615 2482 fuissent.

391 2500 464 2569 Ecl.
479 2502 531 2569 11.
554 2524 586 2571 o.
618 2496 694 2568 Nec
711 2496 814 2590 quod
834 2499 986 2589 speraret
999 2497 1162 2568 habebat,
1198 2502 1296 2591 Vulgo
1311 2501 1428 2592 legitur
1440 2501 1544 2591 qnid,

324 2633 457 2716 praeter
469 2615 582 2684 Latini
596 2614 749 2683 sermonis
769 2630 954 2682 acmromm
974 2638 1130 2685 normam.
1162 2615 1323 2684 Eumdem
1345 2615 1549 2686 librariorum

331 2754 471 2803 errorem
488 2732 613 2828 saepius
637 2730 772 2798 correxit
796 2730 828 2797 in
855 2728 1003 2798 Cicerone
1021 2729 1201 2798 Emestius.

389 2845 463 2915 Ecl.
480 2846 555 2915 111.
577 2866 610 2929 5.
629 2842 740 2912 Hicc'.
768 2843 809 2911 Si
827 2838 974 2937 caisorte
996 2845 1115 2912 mirum
1130 2844 1307 2931 videbitur,
1327 2845 1408 2914 bana
1424 2843 1549 2914 illatam

321 2949 432 3057 ¹faisse
452 2963 667 3057 scripturam,
695 2958 784 3027 adire
804 2956 894 3025 illum
909 2957 1026 3056 jubebo
1058 2958 1158 3026 Vossii
1176 2983 1252 3055 opus
1270 2959 1309 3028 de
1329 2962 1407 3027 Arte
1436 2960 1550 3029 Gram-

333 3077 456 3145 matico
478 3074 518 3142 la
542 3075 595 3143 ΙΙ.
620 3099 685 3170 cop.
714 3093 776 3163 29.

390 3189 463 3258 Ecl.
496 3188 528 3257 V.
562 3210 623 3276 30.
648 3185 799 3257 Baccho,
830 3188 955 3275 idest,
981 3191 1014 3258 in
1043 3171 1188 3258 bonorem
1217 3185 1375 3258 Boocbi:
1402 3201 1440 3259 nt
1463 3189 1546 3260 VII.

334 3291 518 3379 'Aeneidos;
535 3303 670 3372 etenim
686 3301 812 3372 mollis
828 3300 894 3371 tibi
907 3326 1047 3373 sumere
1061 3304 1210 3397 thyrsos.
1240 3328 1325 3372 more
1336 3303 1548 3392 Groecomm,

334 3420 391 3515 pai
402 3420 447 3487 sic
464 3418 570 3488 dotim
583 3437 724 3506 utantur,
737 3436 773 3486 ut
784 3418 871 3515 apud
885 3418 1048 3488 Comitum
1058 3421 1091 3489 in
1105 3420 1303 3512 Lysistroto:
1318 3408 1551 3514 ὂςχησᾶμενοε

333 3527 461 3604 θεοῖσιν.
509 3535 595 3603 Sane
634 3519 757 3603 doctior
782 3551 830 3603 est
863 3532 941 3603 boec
976 3534 1067 3604 lectio
1102 3534 1236 3624 altero,
1275 3561 1371 3631 quom
1395 3535 1552 3632 praetulit

333 3650 568 3738 Bannonnus,
592 3647 730 3720 Bacchi.

393 3763 466 3834 Ecl.
489 3766 532 3833 X.
562 3785 621 3836 la.
654 3762 773 3836 Aonie
801 3760 1006 3863 Aganippe.
1043 3761 1241 3833 Terminotio
1272 3763 1414 3839 Graeca,
1454 3755 1550 3845 Aooirt

334 3866 541 3965 Ayoerlnnn.
571 3882 629 3948 Sic
648 3884 680 3949 in
699 3882 777 3950 Aen.
801 3879 834 3949 V.
854 3866 1009 3964 Nesaee,
1029 3872 1163 3959 Naeuia
1183 3892 1192 3942 τ
1217 3879 1250 3946 in
1268 3878 1333 3947 XI.
1351 3879 1552 3947 accusativus

335 3989 544 4079 Diomede,
570 4018 587 4060 e
613 3992 735 4063 Graeco
754 3977 911 4081 Arouibn.
947 3993 1076 4062 Similes
1081 3988 1211 4087 somnae
1228 3995 1260 4061 in
1280 3993 1393 4063 Ovidio
1401 3985 1553 4088 frequen·

337 4106 490 4178 tissimoe.
533 4105 567 4174 E
593 4107 674 4175 Silio
696 4108 831 4177 laudant
853 4111 1037 4207 interpretes
1061 4132 1187 4178 versum
1217 4128 1294 4193 515
1317 4106 1393 4177 libri
1415 4106 1512 4180 XIV.

478 4242 525 4316 Et
543 4242 688 4339 Cyane,
709 4264 745 4317 et
764 4241 935 4339 Anapus,
957 4267 994 4319 et
1010 4248 1159 4346 Omygie
1177 4241 1351 4322 Arethusa
1564 4269 1579 4302 s

243 4473 246 4478 ⁸
332 4371 407 4500 'Qui
424 4383 553 4456 totidem
574 4385 676 4455 verbis
689 4385 803 4483 poitoe
829 4386 948 4455 Graeci
971 4412 1098 4458 versum
1123 4385 1246 4481 refert.-

381 4577 387 4590 ·
482 4534 544 4614 aet
559 4526 693 4627 Kaira,
715 4532 776 4614 aa>
801 4547 964 4627 menos,
984 4526 1025 4615 ib
1048 4532 1194 4639 Oo‘lvm'r
1213 4535 1393 4637 Aolbaooae.

1132 4662 1239 4764 Ges
1267 4687 1287 4741 2
