<?xml version="1.0" encoding="UTF-8"?>
<!DOCTYPE html PUBLIC "-//W3C//DTD XHTML 1.0 Transitional//EN"
    "http://www.w3.org/TR/xhtml1/DTD/xhtml1-transitional.dtd">
<html xmlns="http://www.w3.org/1999/xhtml" xml:lang="en" lang="en">
 <head>
  <title>
</title>
<meta http-equiv="Content-Type" content="text/html;charset=utf-8" />
  <meta name='ocr-system' content='tesseract 3.04.00' />
  <meta name='ocr-capabilities' content='ocr_page ocr_carea ocr_par ocr_line ocrx_word'/>
</head>
<body>
  <div class='ocr_page' id='page_1' title='image "./publiivirgiliim00brungoog/publiivirgiliim00brungoog_0331.png"; bbox 0 0 3750 6217; ppageno 0'>
   <div class='ocr_carea' id='block_1_1' title="bbox 353 666 1364 770">
    <p class='ocr_par' dir='ltr' id='par_1_1' title="bbox 353 666 1364 770">
     <span class='ocr_line' id='line_1_1' title="bbox 353 666 1364 770; baseline 0.001 -21"><span class='ocrx_word' id='word_1_1' title='bbox 353 675 431 770; x_wconf 81' lang='lat'>315</span> <span class='ocrx_word' id='word_1_2' title='bbox 549 666 996 750; x_wconf 69' lang='lat' dir='ltr'>Aruernos</span> <span class='ocrx_word' id='word_1_3' title='bbox 1053 676 1130 748; x_wconf 87' lang='lat' dir='ltr'>rx.</span> <span class='ocrx_word' id='word_1_4' title='bbox 1189 703 1223 751; x_wconf 76' lang='lat' dir='ltr'>v.</span> <span class='ocrx_word' id='word_1_5' title='bbox 1273 673 1364 752; x_wconf 59' lang='grc' dir='ltr'>ωε.</span> 
     </span>
    </p>
   </div>
   <div class='ocr_carea' id='block_1_2' title="bbox 282 838 1455 4644">
    <p class='ocr_par' dir='ltr' id='par_1_2' title="bbox 348 838 1295 1049">
     <span class='ocr_line' id='line_1_2' title="bbox 348 838 1247 936; baseline 0.001 -24"><span class='ocrx_word' id='word_1_6' title='bbox 348 840 449 912; x_wconf 83' lang='lat' dir='ltr'>Stant</span> <span class='ocrx_word' id='word_1_7' title='bbox 467 839 586 936; x_wconf 81' lang='lat' dir='ltr'>longis</span> <span class='ocrx_word' id='word_1_8' title='bbox 605 838 726 908; x_wconf 81' lang='lat' dir='ltr'>adnixi</span> <span class='ocrx_word' id='word_1_9' title='bbox 745 841 873 928; x_wconf 87' lang='lat' dir='ltr'>hastis,</span> <span class='ocrx_word' id='word_1_10' title='bbox 900 856 935 910; x_wconf 90' lang='lat' dir='ltr'>et</span> <span class='ocrx_word' id='word_1_11' title='bbox 952 859 1044 912; x_wconf 84' lang='lat' dir='ltr'>scuta</span> <span class='ocrx_word' id='word_1_12' title='bbox 1063 860 1247 931; x_wconf 88' lang='lat' dir='ltr'>tenentes,</span> 
     </span>
     <span class='ocr_line' id='line_1_3' title="bbox 349 955 1295 1049; baseline 0.002 -21"><span class='ocrx_word' id='word_1_13' title='bbox 349 959 554 1030; x_wconf 83' lang='lat' dir='ltr'>Castrorum</span> <span class='ocrx_word' id='word_1_14' title='bbox 572 974 607 1026; x_wconf 92' lang='lat' dir='ltr'>et</span> <span class='ocrx_word' id='word_1_15' title='bbox 627 958 745 1049; x_wconf 83' lang='lat' dir='ltr'>campi</span> <span class='ocrx_word' id='word_1_16' title='bbox 764 955 899 1025; x_wconf 88' lang='lat' dir='ltr'>medio.</span> <span class='ocrx_word' id='word_1_17' title='bbox 940 971 1021 1028; x_wconf 83' lang='lat' dir='ltr'>tr&#39;rm</span> <span class='ocrx_word' id='word_1_18' title='bbox 1039 957 1147 1030; x_wconf 90' lang='lat' dir='ltr'><strong>Nisus</strong></span> <span class='ocrx_word' id='word_1_19' title='bbox 1168 977 1202 1029; x_wconf 87' lang='lat' dir='ltr'>et</span> <span class='ocrx_word' id='word_1_20' title='bbox 1222 965 1295 1030; x_wconf 83' lang='lat' dir='ltr'>una</span> 
     </span>
    </p>

    <p class='ocr_par' dir='ltr' id='par_1_3' title="bbox 282 1063 1216 1167">
     <span class='ocr_line' id='line_1_4' title="bbox 282 1063 1216 1167; baseline -0.005 -20"><span class='ocrx_word' id='word_1_21' title='bbox 282 1063 289 1076; x_wconf 56' lang='lat'>⁵</span> <span class='ocrx_word' id='word_1_22' title='bbox 347 1075 522 1167; x_wconf 78' lang='lat' dir='ltr'>Euryalus</span> <span class='ocrx_word' id='word_1_23' title='bbox 539 1069 727 1142; x_wconf 85' lang='lat' dir='ltr'>confestim</span> <span class='ocrx_word' id='word_1_24' title='bbox 747 1074 875 1143; x_wconf 82' lang='lat' dir='ltr'>alacres</span> <span class='ocrx_word' id='word_1_25' title='bbox 895 1073 1075 1144; x_wconf 84' lang='lat' dir='ltr'>admittier</span> <span class='ocrx_word' id='word_1_26' title='bbox 1093 1093 1216 1145; x_wconf 88' lang='lat' dir='ltr'>orant:</span> 
     </span>
    </p>

    <p class='ocr_par' dir='ltr' id='par_1_4' title="bbox 347 1188 1455 1402">
     <span class='ocr_line' id='line_1_5' title="bbox 347 1188 1455 1286; baseline 0.005 -25"><span class='ocrx_word' id='word_1_27' title='bbox 347 1191 443 1262; x_wconf 83' lang='lat' dir='ltr'>Rem</span> <span class='ocrx_word' id='word_1_28' title='bbox 461 1213 654 1286; x_wconf 86' lang='lat' dir='ltr'>magnam,</span> <span class='ocrx_word' id='word_1_29' title='bbox 679 1189 909 1281; x_wconf 83' lang='lat' dir='ltr'>pretiumque</span> <span class='ocrx_word' id='word_1_30' title='bbox 929 1211 1051 1259; x_wconf 88' lang='lat' dir='ltr'>morae</span> <span class='ocrx_word' id='word_1_31' title='bbox 1070 1188 1155 1262; x_wconf 87' lang='lat' dir='ltr'>fore.</span> <span class='ocrx_word' id='word_1_32' title='bbox 1192 1191 1330 1284; x_wconf 86' lang='lat' dir='ltr'>primus</span> <span class='ocrx_word' id='word_1_33' title='bbox 1346 1189 1455 1266; x_wconf 79' lang='lat' dir='ltr'>liilus</span> 
     </span>
     <span class='ocr_line' id='line_1_6' title="bbox 347 1303 1179 1402; baseline 0 -26"><span class='ocrx_word' id='word_1_34' title='bbox 347 1306 503 1400; x_wconf 88' lang='lat' dir='ltr'>Adcepit</span> <span class='ocrx_word' id='word_1_35' title='bbox 522 1304 703 1398; x_wconf 78' lang='lat' dir='ltr'>trepidOS,</span> <span class='ocrx_word' id='word_1_36' title='bbox 726 1330 766 1380; x_wconf 90' lang='lat' dir='ltr'>ac</span> <span class='ocrx_word' id='word_1_37' title='bbox 784 1303 915 1375; x_wconf 86' lang='lat' dir='ltr'>Nisum</span> <span class='ocrx_word' id='word_1_38' title='bbox 935 1305 1050 1374; x_wconf 86' lang='lat' dir='ltr'>dicere</span> <span class='ocrx_word' id='word_1_39' title='bbox 1066 1307 1179 1402; x_wconf 89' lang='lat' dir='ltr'>jussit.</span> 
     </span>
    </p>

    <p class='ocr_par' dir='ltr' id='par_1_5' title="bbox 347 1418 1370 1862">
     <span class='ocr_line' id='line_1_7' title="bbox 347 1418 1343 1516; baseline 0.001 -24"><span class='ocrx_word' id='word_1_40' title='bbox 347 1423 448 1498; x_wconf 84' lang='lat' dir='ltr'>Tum</span> <span class='ocrx_word' id='word_1_41' title='bbox 471 1422 519 1492; x_wconf 90' lang='lat' dir='ltr'>sic</span> <span class='ocrx_word' id='word_1_42' title='bbox 538 1421 772 1516; x_wconf 78' lang='lat' dir='ltr'>Hyrtacides:</span> <span class='ocrx_word' id='word_1_43' title='bbox 801 1418 933 1491; x_wconf 89' lang='lat' dir='ltr'>Audite</span> <span class='ocrx_word' id='word_1_44' title='bbox 955 1445 977 1490; x_wconf 91' lang='grc' dir='ltr'><strong>ο</strong></span> <span class='ocrx_word' id='word_1_45' title='bbox 999 1421 1183 1493; x_wconf 89' lang='lat' dir='ltr'>mentibus</span> <span class='ocrx_word' id='word_1_46' title='bbox 1201 1422 1343 1514; x_wconf 86' lang='lat' dir='ltr'>aequis,</span> 
     </span>
     <span class='ocr_line' id='line_1_8' title="bbox 347 1537 1370 1629; baseline 0 -19"><span class='ocrx_word' id='word_1_47' title='bbox 347 1538 536 1610; x_wconf 80' lang='lat' dir='ltr'>Aeneadae</span> <span class='ocrx_word' id='word_1_48' title='bbox 556 1566 564 1605; x_wconf 74' lang='grc' dir='ltr'>ε</span> <span class='ocrx_word' id='word_1_49' title='bbox 595 1562 683 1606; x_wconf 84' lang='lat' dir='ltr'>neve</span> <span class='ocrx_word' id='word_1_50' title='bbox 704 1538 790 1606; x_wconf 89' lang='lat' dir='ltr'>haec</span> <span class='ocrx_word' id='word_1_51' title='bbox 810 1537 940 1606; x_wconf 88' lang='lat' dir='ltr'>nostris</span> <span class='ocrx_word' id='word_1_52' title='bbox 960 1555 1161 1629; x_wconf 88' lang='lat' dir='ltr'>spectentur</span> <span class='ocrx_word' id='word_1_53' title='bbox 1176 1537 1225 1610; x_wconf 85' lang='lat' dir='ltr'>ab</span> <span class='ocrx_word' id='word_1_54' title='bbox 1245 1538 1370 1629; x_wconf 87' lang='lat' dir='ltr'>annis,</span> 
     </span>
     <span class='ocr_line' id='line_1_9' title="bbox 348 1652 1264 1760; baseline -0.003 -36"><span class='ocrx_word' id='word_1_55' title='bbox 348 1655 453 1760; x_wconf 78' lang='lat' dir='ltr'>Quae</span> <span class='ocrx_word' id='word_1_56' title='bbox 470 1653 628 1725; x_wconf 85' lang='lat' dir='ltr'>serimus.</span> <span class='ocrx_word' id='word_1_57' title='bbox 664 1653 790 1723; x_wconf 85' lang='lat' dir='ltr'>Rutuli</span> <span class='ocrx_word' id='word_1_58' title='bbox 806 1677 937 1722; x_wconf 87' lang='lat' dir='ltr'>somno</span> <span class='ocrx_word' id='word_1_59' title='bbox 956 1652 1115 1744; x_wconf 90' lang='lat' dir='ltr'>vinoque</span> <span class='ocrx_word' id='word_1_60' title='bbox 1134 1653 1264 1750; x_wconf 79' lang='lat' dir='ltr'>gravati</span> 
     </span>
     <span class='ocr_line' id='line_1_10' title="bbox 349 1767 1279 1862; baseline -0.001 -22"><span class='ocrx_word' id='word_1_61' title='bbox 349 1771 574 1841; x_wconf 79' lang='lat' dir='ltr'>Conticuere.</span> <span class='ocrx_word' id='word_1_62' title='bbox 613 1772 737 1839; x_wconf 92' lang='lat' dir='ltr'>locum</span> <span class='ocrx_word' id='word_1_63' title='bbox 757 1767 895 1839; x_wconf 88' lang='lat' dir='ltr'>insidiis</span> <span class='ocrx_word' id='word_1_64' title='bbox 913 1768 1170 1862; x_wconf 88' lang='lat' dir='ltr'>conspeximus</span> <span class='ocrx_word' id='word_1_65' title='bbox 1188 1768 1279 1862; x_wconf 88' lang='lat' dir='ltr'>ipsi,</span> 
     </span>
    </p>

    <p class='ocr_par' dir='ltr' id='par_1_6' title="bbox 348 1885 1350 2098">
     <span class='ocr_line' id='line_1_11' title="bbox 350 1885 1350 1992; baseline -0.002 -35"><span class='ocrx_word' id='word_1_66' title='bbox 350 1887 426 1992; x_wconf 78' lang='lat' dir='ltr'>Qui</span> <span class='ocrx_word' id='word_1_67' title='bbox 442 1905 539 1980; x_wconf 89' lang='lat' dir='ltr'>patet</span> <span class='ocrx_word' id='word_1_68' title='bbox 558 1887 596 1955; x_wconf 91' lang='lat' dir='ltr'>in</span> <span class='ocrx_word' id='word_1_69' title='bbox 619 1885 719 1954; x_wconf 88' lang='lat' dir='ltr'>bivio</span> <span class='ocrx_word' id='word_1_70' title='bbox 743 1901 885 1978; x_wconf 87' lang='lat' dir='ltr'>portae,</span> <span class='ocrx_word' id='word_1_71' title='bbox 910 1908 1002 1976; x_wconf 85' lang='lat' dir='ltr'>quae</span> <span class='ocrx_word' id='word_1_72' title='bbox 1024 1909 1201 1977; x_wconf 85' lang='lat' dir='ltr'>proxuma</span> <span class='ocrx_word' id='word_1_73' title='bbox 1221 1903 1350 1979; x_wconf 83' lang='lat' dir='ltr'>ponte.</span> 
     </span>
     <span class='ocr_line' id='line_1_12' title="bbox 348 1998 1188 2098; baseline 0 -26"><span class='ocrx_word' id='word_1_74' title='bbox 348 2001 542 2095; x_wconf 88' lang='lat' dir='ltr'>Interrupti</span> <span class='ocrx_word' id='word_1_75' title='bbox 560 2002 683 2098; x_wconf 78' lang='lat' dir='ltr'>ignee,</span> <span class='ocrx_word' id='word_1_76' title='bbox 709 2019 852 2090; x_wconf 89' lang='lat' dir='ltr'>aterque</span> <span class='ocrx_word' id='word_1_77' title='bbox 872 1999 918 2074; x_wconf 83' lang='lat' dir='ltr'>ad</span> <span class='ocrx_word' id='word_1_78' title='bbox 937 1999 1048 2068; x_wconf 85' lang='lat' dir='ltr'>sidera</span> <span class='ocrx_word' id='word_1_79' title='bbox 1066 1998 1188 2072; x_wconf 82' lang='lat' dir='ltr'>fumus</span> 
     </span>
    </p>

    <p class='ocr_par' dir='ltr' id='par_1_7' title="bbox 348 2114 1057 2214">
     <span class='ocr_line' id='line_1_13' title="bbox 348 2114 1057 2214; baseline -0.01 -26"><span class='ocrx_word' id='word_1_80' title='bbox 348 2116 509 2214; x_wconf 78' lang='lat' dir='ltr'>Erigitur.</span> <span class='ocrx_word' id='word_1_81' title='bbox 547 2116 576 2186; x_wconf 90' lang='lat' dir='ltr'>si</span> <span class='ocrx_word' id='word_1_82' title='bbox 595 2115 736 2185; x_wconf 79' lang='lat' dir='ltr'>fortrrna</span> <span class='ocrx_word' id='word_1_83' title='bbox 758 2114 962 2207; x_wconf 89' lang='lat' dir='ltr'>permittitis</span> <span class='ocrx_word' id='word_1_84' title='bbox 982 2115 1057 2203; x_wconf 88' lang='lat' dir='ltr'>uti,</span> 
     </span>
    </p>

    <p class='ocr_par' dir='ltr' id='par_1_8' title="bbox 349 2228 1163 2336">
     <span class='ocr_line' id='line_1_14' title="bbox 349 2228 1163 2336; baseline -0.002 -33"><span class='ocrx_word' id='word_1_85' title='bbox 349 2231 563 2336; x_wconf 76' lang='lat' dir='ltr'>Quaesitum</span> <span class='ocrx_word' id='word_1_86' title='bbox 584 2229 728 2300; x_wconf 78' lang='lat' dir='ltr'>Aenean</span> <span class='ocrx_word' id='word_1_87' title='bbox 745 2245 780 2298; x_wconf 89' lang='lat' dir='ltr'>et</span> <span class='ocrx_word' id='word_1_88' title='bbox 798 2228 943 2298; x_wconf 90' lang='lat' dir='ltr'>moenia</span> <span class='ocrx_word' id='word_1_89' title='bbox 964 2229 1163 2321; x_wconf 86' lang='lat' dir='ltr'>Pallantea,</span> 
     </span>
    </p>

    <p class='ocr_par' dir='ltr' id='par_1_9' title="bbox 347 2343 1317 2908">
     <span class='ocr_line' id='line_1_15' title="bbox 348 2343 1260 2441; baseline 0.002 -23"><span class='ocrx_word' id='word_1_90' title='bbox 348 2348 442 2437; x_wconf 88' lang='lat' dir='ltr'>Mox</span> <span class='ocrx_word' id='word_1_91' title='bbox 461 2343 518 2418; x_wconf 85' lang='lat' dir='ltr'>hic</span> <span class='ocrx_word' id='word_1_92' title='bbox 538 2372 622 2418; x_wconf 92' lang='lat' dir='ltr'>cum</span> <span class='ocrx_word' id='word_1_93' title='bbox 645 2345 796 2439; x_wconf 89' lang='lat' dir='ltr'>spoliis,</span> <span class='ocrx_word' id='word_1_94' title='bbox 818 2345 953 2441; x_wconf 82' lang='lat' dir='ltr'>ingenti</span> <span class='ocrx_word' id='word_1_95' title='bbox 973 2347 1079 2417; x_wconf 88' lang='lat' dir='ltr'>caede</span> <span class='ocrx_word' id='word_1_96' title='bbox 1099 2367 1260 2441; x_wconf 82' lang='lat' dir='ltr'>peracta,</span> 
     </span>
     <span class='ocr_line' id='line_1_16' title="bbox 348 2461 1209 2552; baseline -0.002 -18"><span class='ocrx_word' id='word_1_97' title='bbox 348 2462 485 2535; x_wconf 81' lang='lat' dir='ltr'>Adlore</span> <span class='ocrx_word' id='word_1_98' title='bbox 505 2463 659 2533; x_wconf 87' lang='lat' dir='ltr'>cernetis.</span> <span class='ocrx_word' id='word_1_99' title='bbox 700 2485 766 2552; x_wconf 78' lang='lat' dir='ltr'>nec</span> <span class='ocrx_word' id='word_1_100' title='bbox 787 2485 856 2531; x_wconf 89' lang='lat' dir='ltr'>nos</span> <span class='ocrx_word' id='word_1_101' title='bbox 874 2462 931 2531; x_wconf 88' lang='lat' dir='ltr'>via</span> <span class='ocrx_word' id='word_1_102' title='bbox 950 2461 1048 2533; x_wconf 87' lang='lat' dir='ltr'>sallet</span> <span class='ocrx_word' id='word_1_103' title='bbox 1071 2465 1209 2535; x_wconf 88' lang='lat' dir='ltr'>euntis:</span> 
     </span>
     <span class='ocr_line' id='line_1_17' title="bbox 348 2577 1317 2671; baseline 0 -22"><span class='ocrx_word' id='word_1_104' title='bbox 348 2577 522 2650; x_wconf 88' lang='lat' dir='ltr'>Vidimus</span> <span class='ocrx_word' id='word_1_105' title='bbox 544 2578 703 2649; x_wconf 82' lang='lat' dir='ltr'>obscuris</span> <span class='ocrx_word' id='word_1_106' title='bbox 723 2578 879 2671; x_wconf 84' lang='lat' dir='ltr'>primam</span> <span class='ocrx_word' id='word_1_107' title='bbox 900 2577 967 2648; x_wconf 87' lang='lat' dir='ltr'>sub</span> <span class='ocrx_word' id='word_1_108' title='bbox 990 2577 1145 2650; x_wconf 88' lang='lat' dir='ltr'>vallibus</span> <span class='ocrx_word' id='word_1_109' title='bbox 1165 2579 1317 2670; x_wconf 84' lang='lat' dir='ltr'>urbem,</span> 
     </span>
     <span class='ocr_line' id='line_1_18' title="bbox 348 2694 1295 2790; baseline 0 -25"><span class='ocrx_word' id='word_1_110' title='bbox 348 2694 496 2766; x_wconf 88' lang='lat' dir='ltr'>Venatu</span> <span class='ocrx_word' id='word_1_111' title='bbox 513 2694 663 2766; x_wconf 90' lang='lat' dir='ltr'>adsiduo</span> <span class='ocrx_word' id='word_1_112' title='bbox 685 2711 719 2764; x_wconf 92' lang='lat' dir='ltr'>et</span> <span class='ocrx_word' id='word_1_113' title='bbox 738 2711 857 2763; x_wconf 90' lang='lat' dir='ltr'>totum</span> <span class='ocrx_word' id='word_1_114' title='bbox 881 2695 1119 2790; x_wconf 82' lang='lat' dir='ltr'>cognovimus</span> <span class='ocrx_word' id='word_1_115' title='bbox 1140 2719 1295 2766; x_wconf 87' lang='lat' dir='ltr'>amnem.</span> 
     </span>
     <span class='ocr_line' id='line_1_19' title="bbox 347 2805 1264 2908; baseline -0.003 -27"><span class='ocrx_word' id='word_1_116' title='bbox 347 2805 418 2881; x_wconf 83' lang='lat' dir='ltr'>Hic</span> <span class='ocrx_word' id='word_1_117' title='bbox 439 2812 540 2882; x_wconf 88' lang='lat' dir='ltr'>annis</span> <span class='ocrx_word' id='word_1_118' title='bbox 559 2810 669 2908; x_wconf 80' lang='lat' dir='ltr'>gravis</span> <span class='ocrx_word' id='word_1_119' title='bbox 687 2828 794 2901; x_wconf 87' lang='lat' dir='ltr'>atque</span> <span class='ocrx_word' id='word_1_120' title='bbox 814 2809 927 2878; x_wconf 89' lang='lat' dir='ltr'>animi</span> <span class='ocrx_word' id='word_1_121' title='bbox 947 2828 1104 2883; x_wconf 89' lang='lat' dir='ltr'>maturus</span> <span class='ocrx_word' id='word_1_122' title='bbox 1124 2808 1264 2882; x_wconf 84' lang='lat' dir='ltr'>Aletes:</span> 
     </span>
    </p>

    <p class='ocr_par' dir='ltr' id='par_1_10' title="bbox 346 2923 1380 3134">
     <span class='ocr_line' id='line_1_20' title="bbox 348 2923 1380 3022; baseline 0.002 -25"><span class='ocrx_word' id='word_1_123' title='bbox 348 2923 409 2998; x_wconf 91' lang='lat' dir='ltr'>Dii</span> <span class='ocrx_word' id='word_1_124' title='bbox 428 2927 558 3022; x_wconf 88' lang='lat' dir='ltr'>patrii,</span> <span class='ocrx_word' id='word_1_125' title='bbox 585 2950 742 3020; x_wconf 86' lang='lat' dir='ltr'>quonrm</span> <span class='ocrx_word' id='word_1_126' title='bbox 760 2949 901 3018; x_wconf 84' lang='lat' dir='ltr'>semper</span> <span class='ocrx_word' id='word_1_127' title='bbox 921 2923 987 2995; x_wconf 91' lang='lat' dir='ltr'>sub</span> <span class='ocrx_word' id='word_1_128' title='bbox 1007 2926 1157 2995; x_wconf 88' lang='lat' dir='ltr'>numine</span> <span class='ocrx_word' id='word_1_129' title='bbox 1175 2926 1283 2997; x_wconf 88' lang='lat' dir='ltr'>Troia</span> <span class='ocrx_word' id='word_1_130' title='bbox 1302 2943 1380 3017; x_wconf 89' lang='lat' dir='ltr'>est,</span> 
     </span>
     <span class='ocr_line' id='line_1_21' title="bbox 346 3040 1226 3134; baseline 0.001 -23"><span class='ocrx_word' id='word_1_131' title='bbox 346 3041 435 3112; x_wconf 90' lang='lat' dir='ltr'>Non</span> <span class='ocrx_word' id='word_1_132' title='bbox 453 3062 574 3113; x_wconf 90' lang='lat' dir='ltr'>tamen</span> <span class='ocrx_word' id='word_1_133' title='bbox 591 3042 743 3111; x_wconf 86' lang='lat' dir='ltr'>omnino</span> <span class='ocrx_word' id='word_1_134' title='bbox 763 3041 922 3126; x_wconf 77' lang='lat' dir='ltr'>‘l&#39;eucros</span> <span class='ocrx_word' id='word_1_135' title='bbox 942 3040 1059 3111; x_wconf 90' lang='lat' dir='ltr'>delere</span> <span class='ocrx_word' id='word_1_136' title='bbox 1076 3042 1226 3134; x_wconf 90' lang='lat' dir='ltr'>paratis,</span> 
     </span>
    </p>

    <p class='ocr_par' dir='ltr' id='par_1_11' title="bbox 346 3155 1426 4059">
     <span class='ocr_line' id='line_1_22' title="bbox 347 3155 1371 3261; baseline 0.003 -34"><span class='ocrx_word' id='word_1_137' title='bbox 347 3155 477 3261; x_wconf 81' lang='lat' dir='ltr'>Quom</span> <span class='ocrx_word' id='word_1_138' title='bbox 499 3158 578 3230; x_wconf 80' lang='lat' dir='ltr'>talis</span> <span class='ocrx_word' id='word_1_139' title='bbox 603 3158 744 3228; x_wconf 89' lang='lat' dir='ltr'>animos</span> <span class='ocrx_word' id='word_1_140' title='bbox 758 3158 958 3252; x_wconf 88' lang='lat' dir='ltr'>juvenum,</span> <span class='ocrx_word' id='word_1_141' title='bbox 982 3176 1110 3229; x_wconf 88' lang='lat' dir='ltr'>ettam</span> <span class='ocrx_word' id='word_1_142' title='bbox 1132 3175 1222 3228; x_wconf 89' lang='lat' dir='ltr'>certa</span> <span class='ocrx_word' id='word_1_143' title='bbox 1241 3157 1371 3231; x_wconf 87' lang='lat' dir='ltr'>tulistis</span> 
     </span>
     <span class='ocr_line' id='line_1_23' title="bbox 347 3272 1426 3364; baseline 0.006 -23"><span class='ocrx_word' id='word_1_144' title='bbox 347 3272 503 3344; x_wconf 88' lang='lat' dir='ltr'>Pectora.</span> <span class='ocrx_word' id='word_1_145' title='bbox 546 3273 594 3342; x_wconf 90' lang='lat' dir='ltr'>sic</span> <span class='ocrx_word' id='word_1_146' title='bbox 617 3296 842 3363; x_wconf 90' lang='lat' dir='ltr'>memorans,</span> <span class='ocrx_word' id='word_1_147' title='bbox 865 3273 1034 3344; x_wconf 86' lang='lat' dir='ltr'>humeros</span> <span class='ocrx_word' id='word_1_148' title='bbox 1056 3273 1264 3364; x_wconf 88' lang='lat' dir='ltr'>dextrasque</span> <span class='ocrx_word' id='word_1_149' title='bbox 1281 3276 1426 3348; x_wconf 88' lang='lat' dir='ltr'>tenebat</span> 
     </span>
     <span class='ocr_line' id='line_1_24' title="bbox 347 3387 1349 3486; baseline -0.002 -26"><span class='ocrx_word' id='word_1_150' title='bbox 347 3387 577 3473; x_wconf 78' lang='lat' dir='ltr'>Araborum,</span> <span class='ocrx_word' id='word_1_151' title='bbox 602 3407 636 3456; x_wconf 87' lang='lat' dir='ltr'>et</span> <span class='ocrx_word' id='word_1_152' title='bbox 656 3387 801 3455; x_wconf 85' lang='lat' dir='ltr'>voltum</span> <span class='ocrx_word' id='word_1_153' title='bbox 820 3388 972 3457; x_wconf 83' lang='lat' dir='ltr'>lacrimis</span> <span class='ocrx_word' id='word_1_154' title='bbox 988 3407 1094 3481; x_wconf 89' lang='lat' dir='ltr'>atque</span> <span class='ocrx_word' id='word_1_155' title='bbox 1116 3413 1175 3457; x_wconf 88' lang='lat' dir='ltr'>ora</span> <span class='ocrx_word' id='word_1_156' title='bbox 1194 3390 1349 3486; x_wconf 81' lang='lat' dir='ltr'>rigabat:</span> 
     </span>
     <span class='ocr_line' id='line_1_25' title="bbox 349 3502 1373 3607; baseline 0.006 -36"><span class='ocrx_word' id='word_1_157' title='bbox 349 3503 453 3607; x_wconf 79' lang='lat' dir='ltr'>Quae</span> <span class='ocrx_word' id='word_1_158' title='bbox 469 3503 597 3588; x_wconf 90' lang='lat' dir='ltr'>vobis,</span> <span class='ocrx_word' id='word_1_159' title='bbox 619 3528 711 3593; x_wconf 87' lang='lat' dir='ltr'>quae</span> <span class='ocrx_word' id='word_1_160' title='bbox 734 3502 864 3598; x_wconf 75' lang='lat' dir='ltr'>digna,</span> <span class='ocrx_word' id='word_1_161' title='bbox 889 3504 977 3590; x_wconf 85' lang='lat' dir='ltr'>viri,</span> <span class='ocrx_word' id='word_1_162' title='bbox 999 3530 1064 3597; x_wconf 90' lang='lat' dir='ltr'>pro</span> <span class='ocrx_word' id='word_1_163' title='bbox 1089 3504 1254 3575; x_wconf 87' lang='lat' dir='ltr'>laudibus</span> <span class='ocrx_word' id='word_1_164' title='bbox 1275 3506 1373 3598; x_wconf 85' lang='lat' dir='ltr'>istis,</span> 
     </span>
     <span class='ocr_line' id='line_1_26' title="bbox 348 3618 1329 3712; baseline 0.002 -24"><span class='ocrx_word' id='word_1_165' title='bbox 348 3618 507 3688; x_wconf 88' lang='lat' dir='ltr'>Praemia</span> <span class='ocrx_word' id='word_1_166' title='bbox 530 3643 636 3712; x_wconf 90' lang='lat' dir='ltr'>posse</span> <span class='ocrx_word' id='word_1_167' title='bbox 658 3643 730 3687; x_wconf 88' lang='lat' dir='ltr'>rear</span> <span class='ocrx_word' id='word_1_168' title='bbox 750 3618 840 3688; x_wconf 84' lang='lat' dir='ltr'>solvi</span> <span class='ocrx_word' id='word_1_169' title='bbox 864 3619 880 3687; x_wconf 84' lang='lat'>?</span> <span class='ocrx_word' id='word_1_170' title='bbox 910 3619 1146 3711; x_wconf 87' lang='lat' dir='ltr'>pulcherrima</span> <span class='ocrx_word' id='word_1_171' title='bbox 1167 3621 1329 3712; x_wconf 91' lang='lat' dir='ltr'>primum</span> 
     </span>
     <span class='ocr_line' id='line_1_27' title="bbox 347 3734 1353 3828; baseline 0.002 -22"><span class='ocrx_word' id='word_1_172' title='bbox 347 3735 435 3825; x_wconf 88' lang='lat' dir='ltr'>Dii,</span> <span class='ocrx_word' id='word_1_173' title='bbox 460 3760 651 3828; x_wconf 88' lang='lat' dir='ltr'>moresque</span> <span class='ocrx_word' id='word_1_174' title='bbox 674 3734 812 3803; x_wconf 91' lang='lat' dir='ltr'>dabunt</span> <span class='ocrx_word' id='word_1_175' title='bbox 829 3736 960 3805; x_wconf 87' lang='lat' dir='ltr'>vestri:</span> <span class='ocrx_word' id='word_1_176' title='bbox 989 3753 1068 3805; x_wconf 91' lang='lat' dir='ltr'>tum</span> <span class='ocrx_word' id='word_1_177' title='bbox 1095 3751 1205 3804; x_wconf 88' lang='lat' dir='ltr'>cetera</span> <span class='ocrx_word' id='word_1_178' title='bbox 1230 3736 1353 3808; x_wconf 91' lang='lat' dir='ltr'>reddet</span> 
     </span>
     <span class='ocr_line' id='line_1_28' title="bbox 346 3850 1193 3949; baseline -0.006 -26"><span class='ocrx_word' id='word_1_179' title='bbox 346 3850 517 3923; x_wconf 85' lang='lat' dir='ltr'>Actutum</span> <span class='ocrx_word' id='word_1_180' title='bbox 543 3853 625 3945; x_wconf 91' lang='lat' dir='ltr'>pius</span> <span class='ocrx_word' id='word_1_181' title='bbox 648 3851 806 3934; x_wconf 90' lang='lat' dir='ltr'>Aeneas,</span> <span class='ocrx_word' id='word_1_182' title='bbox 833 3870 940 3944; x_wconf 89' lang='lat' dir='ltr'>atque</span> <span class='ocrx_word' id='word_1_183' title='bbox 961 3852 1094 3949; x_wconf 80' lang='lat' dir='ltr'>integer</span> <span class='ocrx_word' id='word_1_184' title='bbox 1116 3851 1193 3919; x_wconf 90' lang='lat' dir='ltr'>aevi</span> 
     </span>
     <span class='ocr_line' id='line_1_29' title="bbox 347 3966 1308 4059; baseline 0.002 -23"><span class='ocrx_word' id='word_1_185' title='bbox 347 3966 547 4055; x_wconf 88' lang='lat' dir='ltr'>Ascanius,</span> <span class='ocrx_word' id='word_1_186' title='bbox 571 3968 688 4037; x_wconf 91' lang='lat' dir='ltr'>meriti</span> <span class='ocrx_word' id='word_1_187' title='bbox 710 3968 799 4037; x_wconf 89' lang='lat' dir='ltr'>tanti</span> <span class='ocrx_word' id='word_1_188' title='bbox 824 3992 900 4036; x_wconf 92' lang='lat' dir='ltr'>non</span> <span class='ocrx_word' id='word_1_189' title='bbox 923 3968 1103 4036; x_wconf 88' lang='lat' dir='ltr'>inmemor</span> <span class='ocrx_word' id='word_1_190' title='bbox 1120 3991 1308 4059; x_wconf 88' lang='lat' dir='ltr'>umquam.</span> 
     </span>
    </p>

    <p class='ocr_par' dir='ltr' id='par_1_12' title="bbox 298 4083 1382 4644">
     <span class='ocr_line' id='line_1_30' title="bbox 298 4083 1348 4180; baseline 0.01 -36"><span class='ocrx_word' id='word_1_191' title='bbox 298 4137 301 4144; x_wconf 91' lang='lat'>.</span> <span class='ocrx_word' id='word_1_192' title='bbox 348 4083 472 4151; x_wconf 91' lang='lat' dir='ltr'>Immo</span> <span class='ocrx_word' id='word_1_193' title='bbox 495 4107 561 4178; x_wconf 76' lang='lat' dir='ltr'>ego</span> <span class='ocrx_word' id='word_1_194' title='bbox 584 4108 677 4174; x_wconf 86' lang='lat' dir='ltr'>vos,</span> <span class='ocrx_word' id='word_1_195' title='bbox 702 4084 759 4152; x_wconf 92' lang='lat' dir='ltr'>cui</span> <span class='ocrx_word' id='word_1_196' title='bbox 784 4086 859 4153; x_wconf 88' lang='lat' dir='ltr'>sola</span> <span class='ocrx_word' id='word_1_197' title='bbox 885 4086 978 4159; x_wconf 86' lang='lat' dir='ltr'>salus</span> <span class='ocrx_word' id='word_1_198' title='bbox 997 4085 1156 4180; x_wconf 82' lang='lat' dir='ltr'>genitore</span> <span class='ocrx_word' id='word_1_199' title='bbox 1178 4083 1348 4174; x_wconf 89' lang='lat' dir='ltr'>reducto,</span> 
     </span>
     <span class='ocr_line' id='line_1_31' title="bbox 346 4196 1309 4296; baseline 0.001 -29"><span class='ocrx_word' id='word_1_200' title='bbox 346 4197 490 4291; x_wconf 80' lang='lat' dir='ltr'>Excipit</span> <span class='ocrx_word' id='word_1_201' title='bbox 515 4196 706 4285; x_wconf 88' lang='lat' dir='ltr'>Ascanius,</span> <span class='ocrx_word' id='word_1_202' title='bbox 731 4223 795 4291; x_wconf 90' lang='lat' dir='ltr'>per</span> <span class='ocrx_word' id='word_1_203' title='bbox 818 4224 991 4296; x_wconf 86' lang='lat' dir='ltr'>magnos,</span> <span class='ocrx_word' id='word_1_204' title='bbox 1019 4199 1125 4287; x_wconf 85' lang='lat' dir='ltr'>Nise,</span> <span class='ocrx_word' id='word_1_205' title='bbox 1147 4197 1309 4288; x_wconf 86' lang='lat' dir='ltr'>Penatis,</span> 
     </span>
     <span class='ocr_line' id='line_1_32' title="bbox 345 4312 1318 4407; baseline -0.001 -23"><span class='ocrx_word' id='word_1_206' title='bbox 345 4312 576 4403; x_wconf 86' lang='lat' dir='ltr'>Assaracique</span> <span class='ocrx_word' id='word_1_207' title='bbox 596 4312 744 4400; x_wconf 87' lang='lat' dir='ltr'>Larem,</span> <span class='ocrx_word' id='word_1_208' title='bbox 766 4333 801 4384; x_wconf 89' lang='lat' dir='ltr'>et</span> <span class='ocrx_word' id='word_1_209' title='bbox 822 4339 928 4384; x_wconf 90' lang='lat' dir='ltr'>canae</span> <span class='ocrx_word' id='word_1_210' title='bbox 950 4316 1142 4407; x_wconf 85' lang='lat' dir='ltr'>penetralia</span> <span class='ocrx_word' id='word_1_211' title='bbox 1165 4313 1318 4403; x_wconf 88' lang='lat' dir='ltr'>Vestae,</span> 
     </span>
     <span class='ocr_line' id='line_1_33' title="bbox 345 4428 1382 4524; baseline 0.008 -26"><span class='ocrx_word' id='word_1_212' title='bbox 345 4428 543 4499; x_wconf 87' lang='lat' dir='ltr'>Obtestor:</span> <span class='ocrx_word' id='word_1_213' title='bbox 574 4453 823 4521; x_wconf 88' lang='lat' dir='ltr'>quaecumque</span> <span class='ocrx_word' id='word_1_214' title='bbox 846 4430 935 4498; x_wconf 86' lang='lat' dir='ltr'>milri</span> <span class='ocrx_word' id='word_1_215' title='bbox 958 4430 1100 4500; x_wconf 84' lang='lat' dir='ltr'>fortuna</span> <span class='ocrx_word' id='word_1_216' title='bbox 1122 4429 1283 4524; x_wconf 82' lang='lat' dir='ltr'>fidesque</span> <span class='ocrx_word' id='word_1_217' title='bbox 1306 4448 1382 4522; x_wconf 88' lang='lat' dir='ltr'>est,</span> 
     </span>
     <span class='ocr_line' id='line_1_34' title="bbox 345 4543 1253 4644; baseline 0.006 -32"><span class='ocrx_word' id='word_1_218' title='bbox 345 4543 390 4613; x_wconf 91' lang='lat' dir='ltr'>In</span> <span class='ocrx_word' id='word_1_219' title='bbox 410 4543 530 4616; x_wconf 89' lang='lat' dir='ltr'>vestris</span> <span class='ocrx_word' id='word_1_220' title='bbox 554 4569 656 4639; x_wconf 85' lang='lat' dir='ltr'>pono</span> <span class='ocrx_word' id='word_1_221' title='bbox 675 4545 838 4644; x_wconf 78' lang='lat' dir='ltr'>gremiis:</span> <span class='ocrx_word' id='word_1_222' title='bbox 861 4567 1020 4617; x_wconf 81' lang='lat' dir='ltr'>revocate</span> <span class='ocrx_word' id='word_1_223' title='bbox 1043 4565 1253 4640; x_wconf 85' lang='lat' dir='ltr'>parentem,</span> 
     </span>
    </p>
   </div>
   <div class='ocr_carea' id='block_1_3' title="bbox 0 0 1880 6214">
    <p class='ocr_par' dir='ltr' id='par_1_13' title="bbox 0 0 1880 6214">
     <span class='ocr_line' id='line_1_35' title="bbox 0 0 1880 6214; baseline 0 0"><span class='ocrx_word' id='word_1_224' title='bbox 0 0 1880 6214; x_wconf 95' lang='lat' dir='ltr'> </span> 
     </span>
    </p>
   </div>
  </div>
 </body>
</html>
