3750 6217
601 676 756 769 146
1005 670 2599 769 AENE1D0511.v.292.

593 839 794 913 Sacra
835 862 1148 931 suosque
1187 835 1322 907 tibi
1363 835 1798 908 conmendat
1835 836 2053 906 Troia
2090 838 2413 911 Penatis:

595 956 755 1029 Hos
792 981 964 1051 cape
1001 951 1310 1023 fatorum
1353 951 1655 1023 comites
1694 980 1708 1019 :
1769 952 1879 1023 his
1914 956 2205 1025 moenia
2244 977 2543 1047 quaere,

591 1074 857 1172 Magna
891 1086 1238 1166 pererrato
1283 1086 1540 1141 statues
1578 1093 1760 1161 quae
1801 1067 2115 1161 denique
2156 1088 2412 1165 ponto.

591 1188 704 1261 Sic
745 1188 842 1261 ait
885 1214 902 1254 ε
963 1204 1036 1256 et
1068 1181 1404 1257 manibus
1439 1182 1646 1254 vittas
1675 1238 1696 1273 ,
1735 1181 2184 1277 Vestamque
2226 1202 2647 1281 potentem,

597 1306 1136 1393 Aeternumque
1185 1299 1418 1391 adytis
1465 1298 1657 1371 effert
1695 1298 2179 1393 penetralibus
2227 1302 2491 1401 ignem.

713 1420 1010 1493 Diverso
1053 1417 1316 1489 interea
1355 1416 1736 1487 miscentur
1768 1416 2062 1485 moenia
2101 1417 2339 1487 luctu:

593 1538 687 1609 Et
722 1534 950 1631 magis
991 1552 1206 1625 atque
1242 1532 1505 1629 magiS,
1549 1554 1995 1622 quamquam
2038 1550 2291 1603 secreta
2331 1534 2649 1627 parentis

595 1651 942 1727 Anchisae
983 1648 1250 1719 domus
1276 1702 1297 1736 ,
1344 1644 1860 1738 arboribusque
1902 1645 2184 1719 obtecta
2221 1648 2533 1735 recessit,

603 1768 1023 1855 Clarescunt
1059 1764 1332 1836 sonitus
1366 1794 1382 1841 ;
1431 1785 1941 1852 armorumque
1989 1761 2250 1862 ingruit
2280 1764 2547 1835 horror.

601 1881 941 1961 Excutior
983 1902 1246 1951 somno
1285 1935 1304 1969 ‚
1343 1900 1413 1949 et
1454 1876 1720 1950 summi
1755 1874 2021 1973 fastigia
2060 1878 2227 1950 tecti

601 1997 971 2075 Adscensu
1014 2019 1270 2088 supero
1301 2048 1323 2083 ,
1368 2014 1582 2086 atque
1621 1989 1915 2062 adrectis
1954 1994 2239 2065 auribus
2272 1995 2511 2066 adsto:

603 2115 696 2185 In
739 2132 1047 2209 segetem
1083 2110 1308 2182 veluti
1349 2132 1582 2203 quom
1625 2106 1915 2177 flamma
1955 2106 2347 2183 furentibus
2384 2108 2661 2185 Austris

605 2228 912 2319 Incidit,
959 2242 1082 2297 aut
1115 2225 1406 2321 rapidus
1445 2242 1797 2294 montano
1841 2221 2143 2296 flumine
2182 2244 2454 2297 ton-ens

605 2342 866 2416 Sternit
902 2364 1144 2440 agros,
1189 2340 1428 2413 sternit
1468 2356 1609 2410 sata
1644 2341 1822 2409 laeta
1849 2394 1870 2428 ,
1921 2341 2302 2433 boumque
2344 2341 2663 2423 labores3

605 2457 1176 2551 Praecipitesque
1215 2455 1424 2529 trahit
1462 2455 1669 2535 silvas
1715 2481 1731 2545 ².
1793 2473 2032 2551 stupet
2076 2455 2339 2546 inscius
2373 2457 2521 2529 alto
2556 2550 2563 2557 Ι

604 2573 998 2665 Adcipiens
1039 2573 1356 2643 sonitum
1401 2572 1546 2643 saxi
1584 2570 1674 2641 de
1709 2573 1963 2642 vertice
2002 2589 2265 2667 pastor.

606 2689 805 2759 Tum
847 2711 1014 2758 vero
1048 2685 1424 2759 manifesta
1459 2686 1636 2757 fides
1659 2741 1678 2775 ‚
1729 2686 2211 2782 Danaumque
2251 2706 2625 2783 patescunt

607 2803 938 2876 Insidiae.
1019 2806 1170 2901 jam
1213 2802 1594 2897 Deiphobi
1627 2802 1825 2874 dedit
1864 2804 2107 2899 ampla
2145 2804 2423 2875 ruinam
2450 2860 2472 2893 ,

602 2918 944 2992 Volcano
987 2937 1397 3013 superante,
1448 2918 1717 2991 domus
1751 2946 1766 2986 ε
1818 2922 1970 3018 jam
2012 2944 2411 3015 proxumus
2447 2919 2641 2993 ardet

609 3035 974 3133 Ucalegon
1020 3062 1036 3103 z
1095 3032 1294 3134 Sigea
1332 3034 1477 3133 igni
1516 3033 1688 3106 freta
1728 3036 1863 3106 lata
1901 3037 2231 3113 relucent.

609 3150 938 3229 Exoritur
977 3151 1390 3244 clamorque
1427 3152 1661 3223 virum
1704 3152 2141 3249 clangorque
2174 3149 2531 3222 tubarum.

608 3263 829 3334 Arma
867 3288 1115 3334 amens
1154 3266 1404 3359 capio;
1448 3290 1581 3335 nec
1623 3284 1725 3335 sat
1763 3267 2050 3338 rationis
2087 3267 2163 3336 in
2202 3267 2457 3338 armis:

607 3378 749 3449 Sed
790 3379 1180 3474 glomerare
1221 3404 1523 3449 manum
1562 3378 1761 3450 bello
1796 3435 1816 3470 ,
1865 3401 1936 3452 et
1974 3406 2383 3485 concurrere
2419 3383 2493 3451 in
2535 3406 2769 3463 arcem

612 3492 806 3573 Cum
846 3492 1055 3563 sociis
1091 3494 1335 3564 ardent
1371 3495 1614 3565 animi.
1691 3493 1886 3566 furor
1920 3499 2160 3590 iraque
2198 3514 2521 3568 mentem

613 3606 1134 3702 Praecipitant3
1175 3609 1705 3703 pulchrumque
1744 3613 1932 3681 mori
1971 3614 2306 3684 succurrit
2338 3613 2414 3681 in
2445 3614 2677 3685 armis.

723 3723 908 3797 Ecce
949 3741 1187 3797 autem
1224 3726 1384 3801 telis
1424 3725 1738 3797 Panthus
1774 3727 2055 3799 elabsus
2090 3724 2443 3817 Achivom
2469 3782 2492 3819 ‚

609 3840 927 3923 Panthus
965 3840 1406 3936 Othryades,
1445 3841 1618 3912 arcis
1658 3841 2082 3937 Phoebique
2126 3844 2493 3933 sacerdoS,
