3750 6217
707 744 862 818 125
1128 742 2019 818 AE-Nsslnos
2134 740 2191 815 1.
2306 698 2647 835 mvi.

699 913 894 984 Ture
936 912 1166 985 calent
1204 939 1358 983 arae
1383 968 1404 1003 ,
1453 912 1790 1004 sertisque
1829 905 2229 979 recentibus
2262 906 2527 979 halant.

815 1028 1256 1122 Conripuere
1295 1030 1486 1098 viam
1527 1028 1786 1097 interea
1809 1079 1830 1113 ,
1873 1049 2017 1116 qua
2055 1024 2305 1093 semita
2340 1042 2713 1095 monstrat.

691 1144 1006 1239 Jamque
1045 1143 1569 1215 adscendebant
1605 1142 1870 1211 collem
1898 1194 1918 1227 ‚
1961 1135 2089 1231 qui
2120 1138 2473 1231 plurimus
2510 1136 2681 1243 urbi-

703 1259 1023 1330 Inminet
1047 1314 1066 1348 ,
1109 1259 1570 1351 adversasque
1608 1252 1971 1350 adspectat
2006 1252 2315 1347 desuper
2348 1278 2555 1327 arces.

701 1374 994 1444 Miratur
1031 1376 1308 1445 molem
1345 1372 1658 1461 Aeneas,
1695 1369 1997 1468 magalia
2036 1368 2413 1461 quondam
2443 1398 2461 1437 ε

701 1489 996 1559 Miratur
1032 1510 1312 1584 portas,
1360 1488 1881 1582 strepitumque
1908 1539 1929 1574 ,
1978 1504 2050 1556 et
2092 1502 2297 1555 strata
2332 1485 2627 1557 viarum.

705 1604 982 1675 Instant
1019 1602 1342 1675 ardentes
1375 1598 1574 1698 Tyrii
1627 1630 1643 1670 t
1701 1627 1862 1694 pars
1900 1601 2155 1670 ducere
2192 1620 2485 1689 muroS,

701 1718 1095 1812 Molirique
1133 1744 1364 1789 arcem
1392 1774 1412 1807 ‚
1461 1737 1530 1789 et
1565 1716 1899 1789 manibus
1934 1716 2353 1787 subvolvere
2388 1741 2587 1787 saxa:

707 1834 870 1905 Pars
905 1856 1150 1929 optare
1186 1835 1434 1905 locum
1475 1852 1664 1904 tecto
1697 1887 1718 1921 ,
1766 1850 1835 1903 et
1873 1831 2294 1902 concludere
2334 1834 2557 1903 sulco·

693 1949 906 2037 jura,
948 1951 1529 2047 magistratusque
1570 1951 1848 2047 legunt,
1903 1966 2371 2040 sanctumque
2410 1965 2753 2019 senatum.

703 2060 846 2134 Hic
883 2081 1134 2157 portus
1174 2065 1292 2133 alii
1333 2062 1682 2134 effodiunt
1731 2091 1747 2132 :
1807 2056 1920 2133 hic
1960 2064 2099 2133 alta
2134 2061 2382 2134 theatri

707 2179 1204 2250 Fundamenta
1241 2180 1482 2250 locant
1520 2179 1639 2249 alii
1679 2209 1696 2255 ;
1751 2175 2203 2270 inmanisque
2244 2179 2619 2253 columnas

703 2293 1042 2387 Rupibus
1081 2295 1462 2382 excidunt,
1516 2288 1742 2366 scenis
1775 2294 2030 2364 decora
2067 2296 2205 2363 alta
2244 2292 2513 2366 futuris.

709 2407 968 2513 Qualis
1006 2434 1176 2503 apes
1215 2428 1467 2481 aestate
1502 2433 1690 2479 nova
1727 2435 1854 2503 per
1894 2408 2107 2478 florea
2145 2434 2299 2478 rura

707 2524 1000 2595 Exercet
1033 2522 1166 2596 sub
1204 2526 1356 2596 sole
1392 2524 1633 2604 labor;
1681 2550 1914 2618 quom
1955 2524 2179 2622 gentis
2217 2523 2508 2597 adultos

707 2638 1042 2710 Educunt
1069 2637 1292 2730 fetus,
1331 2658 1457 2711 aut
1491 2664 1722 2734 quom
1762 2639 2110 2734 liquentia
2149 2641 2364 2711 mella

707 2753 1026 2848 Stipant,
1074 2770 1146 2826 et
1179 2755 1372 2827 dulci
1411 2755 1829 2827 distendunt
1866 2774 2139 2826 nectare
2175 2757 2431 2827 cellas:

707 2868 854 2941 Aut
891 2894 1104 2941 onera
1139 2870 1513 2965 adcipiunt
1547 2870 1963 2942 venientum
1990 2924 2012 2960 ‚
2056 2890 2179 2942 aut
2211 2871 2495 2969 agmine
2528 2868 2719 2944 facto

709 2986 1101 3083 Ignavum,
1141 2984 1383 3075 fucos,
1431 3010 1650 3082 pecus
1684 3014 1724 3057 a
1763 2982 2221 3081 praesepibus
2256 3003 2489 3058 arcent
2521 3015 2537 3055 ε

709 3098 954 3172 Fervet
991 3125 1217 3195 opus,
1258 3103 1730 3196 redolentque
1772 3100 2029 3197 thymo
2052 3099 2436 3199 ‚fragrantia
2476 3104 2717 3173 mella.

709 3214 781 3285 Ο
828 3213 1163 3285 fortunati
1188 3270 1208 3305 ,
1249 3241 1560 3310 quorum
1591 3220 1745 3314 jam
1785 3219 2076 3288 moenia
2116 3235 2408 3315 surgunt
2442 3218 2458 3286 !

706 3328 982 3400 Aeneas
1017 3329 1151 3417 ait,
1201 3350 1271 3401 et
1308 3329 1578 3428 fastigia
1620 3332 1915 3427 suspicit
1951 3332 2164 3404 urbis.

711 3440 932 3513 Infert
969 3467 1042 3513 se
1079 3463 1318 3539 septus
1349 3446 1611 3516 nebula
1645 3448 2021 3538 (mirabile
2058 3448 2291 3542 dictu)

709 3554 842 3629 Per
871 3556 1194 3648 medios»,
1233 3559 1636 3653 miscetque
1667 3562 1877 3641 viris;
1929 3587 2164 3655 neque
2200 3563 2502 3633 cernitur
2537 3564 2690 3636 ulli.

824 3670 1061 3745 Lucus
1097 3674 1171 3744 in
1212 3673 1384 3747 urbe
1417 3674 1556 3747 fuit
1586 3677 1866 3767 media,
1909 3676 2330 3749 laetissimus
2370 3678 2709 3772 umbrae,

712 3786 886 3893 Quo
923 3791 1241 3884 primum
1273 3792 1514 3890 jactati
1553 3793 1766 3865 undis
1807 3812 1877 3865 et
1913 3794 2195 3865 turbine
2235 3794 2462 3865 Poeni

787 3905 809 3956 ι’
1089 3933 1092 3935 -
1127 3933 1129 3935 -
1325 3908 1333 3920 ·
1832 3940 1835 3942 —
2018 3912 2030 3924 *
