3750 6217
436 892 885 967 AENEIDOS
943 894 1057 964 XII.
1116 920 1149 965 v.
1201 918 1263 991 eq.
1377 916 1452 989 391

246 1060 372 1133 Victus
392 1084 515 1129 amore
535 1059 611 1148 tui,
635 1079 788 1155 cognato
813 1059 982 1154 sanguiue
998 1061 1132 1145 victus,

246 1176 420 1275 Conjugis
441 1196 476 1247 et
495 1194 649 1245 maestae
671 1176 846 1261 lacrimis,
869 1176 986 1244 vincla
1007 1175 1130 1245 omnia
1149 1176 1246 1269 rupit

228 1293 465 1367 *Promissam
486 1291 597 1385 eripui
620 1314 749 1388 genero
775 1318 782 1358 :
813 1314 910 1359 arma
937 1291 1036 1385 inpia
1057 1292 1178 1363 sumsi.

247 1410 302 1480 Ex
321 1408 385 1481 illo
406 1410 468 1501 qui
487 1434 546 1477 me
567 1431 690 1493 casus,
712 1430 827 1500 quae,
852 1404 999 1495 Turne,
1021 1426 1216 1499 sequantur

248 1524 370 1613 Bella,
394 1524 515 1603 vides;
540 1544 697 1619 quantos
718 1522 857 1615 primus
877 1523 1009 1614 patiare
1030 1524 1179 1594 labores

248 1640 307 1711 Bis
327 1666 456 1738 magna
475 1640 555 1712 victi
577 1664 698 1737 pugna
719 1639 778 1707 vix
800 1636 886 1706 urbe
904 1656 1045 1709 tuemur

247 1754 336 1851 Spes
358 1758 487 1827 Italas:
518 1757 670 1826 recalent
691 1774 814 1825 nostro
834 1752 1004 1824 Tiberina
1023 1754 1155 1825 lluenta

248 1872 428 1971 Sanguine
449 1872 585 1961 adhuc,
608 1870 801 1964 campique
821 1869 981 1965 ingentes
1003 1871 1142 1942 ossibus
1160 1870 1289 1941 albent.

249 1988 338 2095 Quo
359 1988 487 2058 referor
504 1989 636 2058 totiens
660 1988 675 2055 Β
706 2010 799 2078 quae
817 2004 978 2057 mentem
999 1988 1134 2057 insania
1151 1989 1298 2057 mutat?

248 2102 285 2175 Si
306 2104 433 2177 Turno
453 2103 626 2178 exstincto.
649 2102 767 2173 socios
789 2125 867 2171 sum
888 2102 1021 2173 adscire
1040 2121 1206 2197 paratus;

250 2217 323 2289 Cur
344 2245 419 2289 non
441 2219 617 2290 incolumi
638 2219 758 2311 potius
779 2220 969 2290 certamina
989 2220 1116 2289 tollo?

249 2334 351 2441 Quid
371 2336 624 2432 consanguinei
647 2333 792 2421 Rutuli,
819 2332 908 2425 quid
926 2350 1037 2405 cetera
1058 2334 1152 2407 dicet

249 2451 349 2523 Italia
369 2484 377 2529 ;
399 2452 442 2520 ad
464 2469 617 2521 mortem
639 2449 666 2519 si
689 2470 723 2521 te
747 2448 858 2541 (Fors
877 2450 971 2533 dicta
991 2450 1141 2544 refutet)

249 2566 496 2651 Prodiderim,
518 2584 637 2634 natam
664 2590 698 2635 et
719 2563 903 2633 connubia
922 2586 1042 2636 nostra
1061 2568 1272 2660 petentem?

249 2682 400 2777 Respice
418 2706 470 2751 res
490 2681 587 2750 bello
606 2681 740 2751 varias:
771 2680 935 2748 miserere
955 2683 1110 2773 parentis

250 2797 456 2893 Longaer‘i,
478 2822 587 2889 quem
609 2820 706 2865 nunc
727 2814 902 2865 maestum
925 2796 1036 2889 patria
1057 2796 1171 2869 Ardea
1196 2801 1304 2901 longe

248 2913 397 2986 Dividit.
436 2912 716 3005 haudquaquam
739 2910 843 2981 dictis
863 2910 1034 2989 violentia
1054 2911 1170 2983 Turni

249 3031 416 3101 Flectitur
442 3058 449 3096 :
479 3050 666 3121 exsuperat
685 3028 823 3123 magis,
849 3028 1086 3123 aegrescitque
1107 3030 1302 3103 medendo.

248 3146 298 3216 Ut
318 3144 478 3239 primurn
497 3142 558 3212 sari
580 3144 724 3237 potuit,
749 3142 797 3213 sic
818 3143 944 3213 institit
964 3168 1024 3212 ore
1039 3172 1051 3211 ι.

250 3258 374 3365 Quam
395 3284 461 3353 pro
482 3284 542 3327 me
560 3282 679 3329 curam
701 3260 811 3356 geris,
833 3259 923 3335 hanc
944 3284 1086 3351 precor,
1113 3278 1288 3353 optume,
1313 3288 1380 3357 pro
1396 3287 1457 3333 me

249 3375 440 3470 Deponas,
458 3376 643 3467 letumque
662 3376 754 3447 sinas
772 3398 838 3467 pro
861 3374 966 3443 laude
987 3374 1124 3469 pacisci.

248 3491 295 3562 Et
312 3516 380 3563 nos
400 3494 492 3578 tela,
513 3511 635 3585 pater,
656 3490 860 3583 ferrumque
878 3489 979 3561 haud
995 3490 1115 3561 debile
1136 3490 1257 3563 dextra

248 3606 478 3701 spargimus,
502 3626 536 3677 et
555 3627 678 3679 nostro
701 3606 860 3699 sequitur
877 3605 922 3675 de
944 3608 1089 3677 volnere
1108 3608 1260 3705 sanguis.

248 3722 376 3819 Longe
395 3724 446 3791 illi
468 3722 534 3795 dea
554 3742 667 3793 mater
686 3721 776 3810 erit,
805 3744 895 3815 quae
916 3720 1015 3792 nube
1034 3721 1200 3824 fugacem

247 3838 418 3909 Feminea
439 3858 531 3936 tegat
549 3868 558 3917 ;
580 3857 615 3909 et
638 3838 737 3909 ranis
758 3862 831 3909 sese
851 3841 992 3919 occulat
1012 3840 1158 3911 umbris.

306 3954 354 4024 At
371 3956 506 4053 regina,
530 3980 624 4025 nova
643 3978 784 4052 pugnae
803 3955 988 4024 conterrita
1011 3973 1125 4042 sorte,

248 4070 277 4141 F
279 4071 396 4147 lebat;
424 4090 457 4140 et
475 4070 658 4143 ardentem
680 4094 851 4167 generum
868 4070 1038 4141 moritura
1057 4068 1217 4142 tenebat:

249 4185 397 4272 Turne,
423 4210 487 4278 per
504 4185 571 4254 has·
588 4210 653 4281 ego
674 4200 708 4254 te
732 4186 912 4273 lacrimas,
940 4186 1051 4280 persi
1070 4186 1151 4278 quis
1167 4184 1316 4257 Amatae

250 4301 381 4399 Tangit
400 4302 519 4371 honos
539 4301 705 4369 animum
725 4355 734 4387 ,
762 4304 872 4395 (spes
892 4320 931 4372 to
950 4326 1047 4372 nuuc
1069 4326 1159 4391 una,
1183 4320 1342 4373 senectae

249 4416 309 4487 Tu
333 4418 472 4507 requies
496 4418 642 4489 miserae
669 4445 676 4485 :
707 4416 815 4486 decus
836 4419 1104 4511 imperiumque
1126 4418 1243 4490 Latini

251 4531 306 4603 Te
330 4558 468 4627 penes:
501 4533 538 4602 in
560 4549 593 4603 te
614 4533 734 4613 omnis
755 4533 888 4604 domus
910 4534 1076 4605 inclinata
1096 4534 1296 4628 recumbit)

250 4648 375 4719 Unum
399 4674 462 4719 oro
484 4676 492 4717 :
525 4648 652 4719 desiste
672 4672 823 4718 manum
840 4650 1051 4721 conmittere
1070 4650 1227 4723 Teucris.

252 4763 327 4869 Qui
344 4783 379 4835 te
396 4788 554 4857 cumque
571 4784 720 4835 manent
741 4764 809 4835 isto
830 4767 1020 4857 certamine
1039 4790 1160 4855 casus,
