3750 6217
829 917 2005 1048 ECLOGA
2180 917 2979 1048 NONA.

1185 1192 2628 1367 MOERIS.

907 1519 2919 1613 LY01DA5‚Mor·:Rls.

1656 1794 2144 1853 LYCIDAS.

703 1962 865 2072 ΩΟ
890 1964 963 2037 O
1004 1982 1122 2055 te,
1168 1962 1450 2052 Moeri,
1502 1958 1725 2059 pedes
1763 1965 1796 2034 Ρ
1840 1989 1933 2035 an
1960 2019 1981 2054 ‚
2028 1988 2180 2057 quo
2218 1963 2332 2037 via
2378 1962 2580 2038 ducit
2608 2018 2630 2055 ,
2690 1965 2768 2037 in
2805 1962 3118 2039 urbem?

1701 2098 2132 2152 MOERI&

703 2195 881 2303 Quo
903 2251 924 2286 ‚
963 2192 1232 2290 Lycida
1254 2243 1275 2285 ,
1314 2194 1459 2265 vivi
1501 2194 1961 2288 pervenimus
2002 2197 2037 2267 ?
2085 2195 2357 2267 advena
2394 2195 2618 2269 nostri
2648 2248 2674 2285 ‚

704 2310 939 2416 Quod
972 2333 1378 2403 numquam
1412 2310 1612 2382 veriti
1651 2335 1898 2383 sumus
1922 2366 1944 2400 ,
1994 2331 2076 2385 ut
2110 2336 2478 2407 possessor
2511 2311 2727 2410 agelli

705 2426 1037 2499 Diceret:
1099 2424 1293 2497 Haec
1330 2450 1494 2496 mea
1531 2445 1695 2497 sunt
1731 2455 1747 2495 z
1791 2445 2059 2499 veteres
2098 2426 2381 2526 migrati
2420 2426 2690 2499 coloni.

704 2539 923 2615 Nunc
959 2540 1129 2613 victi
1151 2593 1174 2630 ,
1225 2542 1454 2613 tristes
1483 2595 1505 2630 ‚
1552 2542 1904 2634 quoniam
1945 2542 2001 2612 F
2005 2529 2120 2614 ors
2164 2543 2413 2614 omnia
2450 2559 2678 2615 versat
2701 2594 2724 2631 ,

706 2656 869 2731 Hos
903 2656 1012 2727 illi
1064 2656 1092 2749 (
1121 2656 1327 2752 quod
1368 2679 1500 2727 nec
1538 2654 1725 2729 bene
1760 2676 1985 2730 vertat
2018 2661 2045 2752 )
2081 2658 2438 2732 mittimus
2476 2656 2761 2729 haedos.

1663 2791 2158 2845 LYCIDA&

707 2885 917 2963 Certe
956 2880 1295 2984 equidem
1337 2888 1700 2960 audieram
1734 2943 1757 2979 ,
1814 2914 1959 2982 qua
1999 2915 2073 2963 se
2114 2888 2503 2962 subducere
2543 2888 2764 2961 colles

707 3005 1082 3104 Incipiunt
1113 3059 1135 3094 ,
1195 3005 1554 3098 mollique
1586 3007 1847 3104 jugum
1895 3006 2269 3077 demittere
2315 3007 2501 3077 clivo
2538 3059 2559 3093 ‚

709 3116 955 3216 Ufique
990 3118 1082 3191 ad
1112 3144 1375 3213 aquam
1399 3175 1421 3210 ,
1479 3140 1549 3193 et
1577 3140 1844 3194 veteres
1870 3177 1893 3212 ,
1935 3124 2091 3220 jam
2126 3118 2338 3193 fracta
2368 3121 2735 3193 cacumina
2754 3172 2775 3210 ‚
2822 3115 3027 3217 fagos
3052 3174 3071 3208 ,

707 3236 985 3309 Omnia
1024 3235 1459 3306 carminibus
1494 3255 1805 3309 vestrum
1850 3261 2153 3310 servasse
2192 3230 2589 3308 Menalcan.

1689 3371 1752 3420 M
1788 3371 1836 3421 o
1872 3371 1918 3421 Ε
1953 3372 1998 3421 n
2035 3372 2062 3422 1
2096 3370 2153 3423 8.

711 3462 1106 3540 Audieras3
1157 3480 1227 3533 et
1264 3460 1457 3533 fama
1492 3462 1646 3535 fuit.
1721 3464 1849 3536 sed
1888 3468 2198 3537 carmina
2244 3483 2527 3538 tantum

711 3579 976 3652 Nostra
1011 3577 1252 3648 valent
1277 3630 1299 3665 ‚
1356 3576 1624 3672 Lycida
1647 3633 1668 3668 ‚
1717 3581 1857 3651 tela
1895 3582 2075 3653 inter
2117 3581 2366 3652 Martia
2393 3633 2416 3670 ,
2474 3597 2830 3675 quantum

712 3694 1075 3766 Chaonias
1122 3690 1374 3764 dicunt
1403 3747 1425 3783 ‚
1481 3695 1721 3787 aquila
1759 3696 2093 3769 veniente
2124 3752 2146 3787 ,
2202 3695 2598 3768 columbas.

713 3808 945 3916 Quod
982 3809 1123 3881 nisi
1158 3832 1279 3878 me
1318 3834 1776 3905 quacumque
1816 3836 2042 3923 novas
2085 3811 2395 3884 incidere
2433 3811 2595 3883 lites
