<?xml version="1.0" encoding="UTF-8"?>
<!DOCTYPE html PUBLIC "-//W3C//DTD XHTML 1.0 Transitional//EN"
    "http://www.w3.org/TR/xhtml1/DTD/xhtml1-transitional.dtd">
<html xmlns="http://www.w3.org/1999/xhtml" xml:lang="en" lang="en">
 <head>
  <title>
</title>
<meta http-equiv="Content-Type" content="text/html;charset=utf-8" />
  <meta name='ocr-system' content='tesseract 3.04.00' />
  <meta name='ocr-capabilities' content='ocr_page ocr_carea ocr_par ocr_line ocrx_word'/>
</head>
<body>
  <div class='ocr_page' id='page_1' title='image "./publiivirgiliim00brungoog/publiivirgiliim00brungoog_0161.png"; bbox 0 0 3750 6217; ppageno 0'>
   <div class='ocr_carea' id='block_1_1' title="bbox 977 654 2973 761">
    <p class='ocr_par' dir='ltr' id='par_1_1' title="bbox 977 654 2973 761">
     <span class='ocr_line' id='line_1_1' title="bbox 977 654 2973 761; baseline -0.005 -20"><span class='ocrx_word' id='word_1_1' title='bbox 977 684 1130 761; x_wconf 79' lang='lat'>144</span> <span class='ocrx_word' id='word_1_2' title='bbox 1376 654 2973 738; x_wconf 68' lang='lat' dir='ltr'>AENE1D0811;v.226;</span> 
     </span>
    </p>
   </div>
   <div class='ocr_carea' id='block_1_2' title="bbox 965 810 3105 3918">
    <p class='ocr_par' dir='ltr' id='par_1_2' title="bbox 965 810 3051 1621">
     <span class='ocr_line' id='line_1_2' title="bbox 965 810 3051 924; baseline -0.003 -23"><span class='ocrx_word' id='word_1_3' title='bbox 965 828 1114 901; x_wconf 90' lang='lat' dir='ltr'>Sub</span> <span class='ocrx_word' id='word_1_4' title='bbox 1153 810 1604 924; x_wconf 82' lang='lat' dir='ltr'>pedibusque</span> <span class='ocrx_word' id='word_1_5' title='bbox 1645 824 1818 896; x_wconf 79' lang='lat' dir='ltr'>deae</span> <span class='ocrx_word' id='word_1_6' title='bbox 1851 857 1871 914; x_wconf 89' lang='lat'>·,</span> <span class='ocrx_word' id='word_1_7' title='bbox 1920 823 2276 917; x_wconf 83' lang='lat' dir='ltr'>clipeique</span> <span class='ocrx_word' id='word_1_8' title='bbox 2308 821 2442 914; x_wconf 76' lang='lat' dir='ltr'>sub</span> <span class='ocrx_word' id='word_1_9' title='bbox 2486 822 2659 894; x_wconf 90' lang='lat' dir='ltr'>orbe</span> <span class='ocrx_word' id='word_1_10' title='bbox 2700 837 3051 919; x_wconf 82' lang='lat' dir='ltr'>teguntur.</span> 
     </span>
     <span class='ocr_line' id='line_1_3' title="bbox 966 936 2921 1031; baseline -0.002 -16"><span class='ocrx_word' id='word_1_11' title='bbox 966 946 1168 1015; x_wconf 90' lang='lat' dir='ltr'>Tum</span> <span class='ocrx_word' id='word_1_12' title='bbox 1205 968 1372 1015; x_wconf 89' lang='lat' dir='ltr'>vero</span> <span class='ocrx_word' id='word_1_13' title='bbox 1418 938 1818 1012; x_wconf 87' lang='lat' dir='ltr'>tremefacta</span> <span class='ocrx_word' id='word_1_14' title='bbox 1857 962 2093 1010; x_wconf 84' lang='lat' dir='ltr'>novus</span> <span class='ocrx_word' id='word_1_15' title='bbox 2144 963 2271 1031; x_wconf 91' lang='lat' dir='ltr'>per</span> <span class='ocrx_word' id='word_1_16' title='bbox 2313 954 2597 1030; x_wconf 88' lang='lat' dir='ltr'>pectora</span> <span class='ocrx_word' id='word_1_17' title='bbox 2643 936 2921 1011; x_wconf 84' lang='lat' dir='ltr'>cunctis</span> 
     </span>
     <span class='ocr_line' id='line_1_4' title="bbox 969 1042 2902 1151; baseline -0.004 -19"><span class='ocrx_word' id='word_1_18' title='bbox 969 1042 1294 1132; x_wconf 80' lang='lat' dir='ltr'>Insinua&#39;t</span> <span class='ocrx_word' id='word_1_19' title='bbox 1333 1080 1557 1151; x_wconf 89' lang='lat' dir='ltr'>pavor</span> <span class='ocrx_word' id='word_1_20' title='bbox 1592 1084 1607 1123; x_wconf 73' lang='grc' dir='ltr'>ε</span> <span class='ocrx_word' id='word_1_21' title='bbox 1669 1074 1739 1126; x_wconf 90' lang='lat' dir='ltr'>et</span> <span class='ocrx_word' id='word_1_22' title='bbox 1781 1056 2006 1126; x_wconf 91' lang='lat' dir='ltr'>scelus</span> <span class='ocrx_word' id='word_1_23' title='bbox 2046 1053 2466 1146; x_wconf 83' lang='lat' dir='ltr'><strong>expendisse</strong></span> <span class='ocrx_word' id='word_1_24' title='bbox 2506 1071 2902 1125; x_wconf 86' lang='lat' dir='ltr'>merentem</span> 
     </span>
     <span class='ocr_line' id='line_1_5' title="bbox 969 1167 2809 1262; baseline -0.005 -16"><span class='ocrx_word' id='word_1_25' title='bbox 969 1176 1386 1246; x_wconf 73' lang='lat' dir='ltr'>Laocoonta</span> <span class='ocrx_word' id='word_1_26' title='bbox 1434 1172 1704 1249; x_wconf 87' lang='lat' dir='ltr'>ferunt;</span> <span class='ocrx_word' id='word_1_27' title='bbox 1761 1192 2035 1241; x_wconf 89' lang='lat' dir='ltr'>sacrum</span> <span class='ocrx_word' id='word_1_28' title='bbox 2080 1168 2208 1262; x_wconf 90' lang='lat' dir='ltr'>qui</span> <span class='ocrx_word' id='word_1_29' title='bbox 2251 1170 2549 1262; x_wconf 84' lang='lat' dir='ltr'>cuspide</span> <span class='ocrx_word' id='word_1_30' title='bbox 2589 1167 2809 1240; x_wconf 76' lang='lat' dir='ltr'>robur</span> 
     </span>
     <span class='ocr_line' id='line_1_6' title="bbox 967 1284 2844 1384; baseline -0.004 -23"><span class='ocrx_word' id='word_1_31' title='bbox 967 1290 1310 1375; x_wconf 89' lang='lat' dir='ltr'>Laeserit‚</span> <span class='ocrx_word' id='word_1_32' title='bbox 1362 1306 1432 1359; x_wconf 91' lang='lat' dir='ltr'>et</span> <span class='ocrx_word' id='word_1_33' title='bbox 1471 1296 1665 1384; x_wconf 86' lang='lat' dir='ltr'>tergo</span> <span class='ocrx_word' id='word_1_34' title='bbox 1716 1286 2111 1357; x_wconf 83' lang='lat' dir='ltr'>sceleratam</span> <span class='ocrx_word' id='word_1_35' title='bbox 2158 1284 2511 1355; x_wconf 87' lang='lat' dir='ltr'>intorserit</span> <span class='ocrx_word' id='word_1_36' title='bbox 2550 1286 2844 1357; x_wconf 83' lang='lat' dir='ltr'>hastam.</span> 
     </span>
     <span class='ocr_line' id='line_1_7' title="bbox 968 1398 3047 1495; baseline -0.001 -19"><span class='ocrx_word' id='word_1_37' title='bbox 968 1405 1408 1476; x_wconf 84' lang='lat' dir='ltr'>Ducendum</span> <span class='ocrx_word' id='word_1_38' title='bbox 1455 1402 1545 1471; x_wconf 88' lang='lat' dir='ltr'>ad</span> <span class='ocrx_word' id='word_1_39' title='bbox 1594 1402 1794 1474; x_wconf 87' lang='lat' dir='ltr'>sedes</span> <span class='ocrx_word' id='word_1_40' title='bbox 1838 1399 2299 1474; x_wconf 87' lang='lat' dir='ltr'>simulacrum</span> <span class='ocrx_word' id='word_1_41' title='bbox 2332 1454 2353 1490; x_wconf 89' lang='lat'><strong>,</strong></span> <span class='ocrx_word' id='word_1_42' title='bbox 2398 1400 2805 1495; x_wconf 78' lang='lat' dir='ltr'>orandaque</span> <span class='ocrx_word' id='word_1_43' title='bbox 2844 1398 3047 1473; x_wconf 79' lang='lat' dir='ltr'>divae</span> 
     </span>
     <span class='ocr_line' id='line_1_8' title="bbox 966 1502 2125 1621; baseline -0.003 -30"><span class='ocrx_word' id='word_1_44' title='bbox 966 1502 1290 1591; x_wconf 79' lang='lat' dir='ltr'>Numina</span> <span class='ocrx_word' id='word_1_45' title='bbox 1325 1520 1794 1590; x_wconf 79' lang='lat' dir='ltr'>conclamant.</span> <span class='ocrx_word' id='word_1_46' title='bbox 2117 1612 2125 1621; x_wconf 24' lang='lat'>²</span> 
     </span>
    </p>

    <p class='ocr_par' dir='ltr' id='par_1_3' title="bbox 969 1632 2859 2066">
     <span class='ocr_line' id='line_1_9' title="bbox 969 1632 2859 1728; baseline 0 -21"><span class='ocrx_word' id='word_1_47' title='bbox 969 1635 1383 1707; x_wconf 89' lang='lat' dir='ltr'>Dividimus</span> <span class='ocrx_word' id='word_1_48' title='bbox 1424 1657 1672 1704; x_wconf 89' lang='lat' dir='ltr'>muros</span> <span class='ocrx_word' id='word_1_49' title='bbox 1705 1680 1725 1720; x_wconf 82' lang='grc'><em>,</em></span> <span class='ocrx_word' id='word_1_50' title='bbox 1774 1648 1844 1702; x_wconf 91' lang='lat' dir='ltr'>et</span> <span class='ocrx_word' id='word_1_51' title='bbox 1882 1632 2175 1703; x_wconf 88' lang='lat' dir='ltr'>moenia</span> <span class='ocrx_word' id='word_1_52' title='bbox 2221 1632 2607 1728; x_wconf 82' lang='lat' dir='ltr'>pandimus</span> <span class='ocrx_word' id='word_1_53' title='bbox 2648 1632 2859 1707; x_wconf 87' lang='lat' dir='ltr'>urbis.</span> 
     </span>
     <span class='ocr_line' id='line_1_10' title="bbox 969 1734 2843 1853; baseline -0.002 -30"><span class='ocrx_word' id='word_1_54' title='bbox 969 1734 1386 1853; x_wconf 87' lang='lat' dir='ltr'>Adcingunt</span> <span class='ocrx_word' id='word_1_55' title='bbox 1420 1772 1677 1819; x_wconf 92' lang='lat' dir='ltr'>omnes</span> <span class='ocrx_word' id='word_1_56' title='bbox 1716 1748 1914 1842; x_wconf 92' lang='lat' dir='ltr'>operi</span> <span class='ocrx_word' id='word_1_57' title='bbox 1950 1802 1969 1836; x_wconf 89' lang='lat'>,</span> <span class='ocrx_word' id='word_1_58' title='bbox 2023 1748 2480 1842; x_wconf 84' lang='lat' dir='ltr'>pedibusque</span> <span class='ocrx_word' id='word_1_59' title='bbox 2529 1760 2843 1821; x_wconf 79' lang='lat' dir='ltr'>rotarum</span> 
     </span>
     <span class='ocr_line' id='line_1_11' title="bbox 970 1863 2740 1963; baseline -0.001 -25"><span class='ocrx_word' id='word_1_60' title='bbox 970 1864 1375 1963; x_wconf 89' lang='lat' dir='ltr'>Subjiciunt</span> <span class='ocrx_word' id='word_1_61' title='bbox 1421 1863 1661 1934; x_wconf 85' lang='lat' dir='ltr'>labsus</span> <span class='ocrx_word' id='word_1_62' title='bbox 1691 1916 1713 1951; x_wconf 88' lang='lat'>‚</span> <span class='ocrx_word' id='word_1_63' title='bbox 1767 1868 1835 1933; x_wconf 81' lang='lat' dir='ltr'>et</span> <span class='ocrx_word' id='word_1_64' title='bbox 1884 1882 2183 1958; x_wconf 89' lang='lat' dir='ltr'>stuppea</span> <span class='ocrx_word' id='word_1_65' title='bbox 2224 1865 2510 1935; x_wconf 87' lang='lat' dir='ltr'>vincula</span> <span class='ocrx_word' id='word_1_66' title='bbox 2546 1867 2740 1937; x_wconf 90' lang='lat' dir='ltr'>collo</span> 
     </span>
     <span class='ocr_line' id='line_1_12' title="bbox 974 1972 2744 2066; baseline 0 -13"><span class='ocrx_word' id='word_1_67' title='bbox 974 1972 1396 2053; x_wconf 86' lang='lat' dir='ltr'>Intendunt.</span> <span class='ocrx_word' id='word_1_68' title='bbox 1473 1977 1744 2050; x_wconf 88' lang='lat' dir='ltr'>scandit</span> <span class='ocrx_word' id='word_1_69' title='bbox 1798 1976 2027 2051; x_wconf 90' lang='lat' dir='ltr'>fatalis</span> <span class='ocrx_word' id='word_1_70' title='bbox 2079 1980 2407 2050; x_wconf 88' lang='lat' dir='ltr'>machina</span> <span class='ocrx_word' id='word_1_71' title='bbox 2444 2006 2691 2053; x_wconf 85' lang='lat' dir='ltr'>muros</span> <span class='ocrx_word' id='word_1_72' title='bbox 2724 2035 2744 2066; x_wconf 88' lang='lat'><strong>‚</strong></span> 
     </span>
    </p>

    <p class='ocr_par' dir='ltr' id='par_1_4' title="bbox 971 2080 3063 2417">
     <span class='ocr_line' id='line_1_13' title="bbox 971 2080 2851 2190; baseline -0.001 -22"><span class='ocrx_word' id='word_1_73' title='bbox 971 2080 1142 2168; x_wconf 78' lang='lat' dir='ltr'>Feta</span> <span class='ocrx_word' id='word_1_74' title='bbox 1190 2094 1418 2165; x_wconf 81' lang='lat' dir='ltr'>armis.</span> <span class='ocrx_word' id='word_1_75' title='bbox 1481 2094 1681 2188; x_wconf 90' lang='lat' dir='ltr'>pueri</span> <span class='ocrx_word' id='word_1_76' title='bbox 1728 2094 1993 2163; x_wconf 88' lang='lat' dir='ltr'>circur&#39;n</span> <span class='ocrx_word' id='word_1_77' title='bbox 2036 2094 2524 2189; x_wconf 88' lang='lat' dir='ltr'>innuptaeque</span> <span class='ocrx_word' id='word_1_78' title='bbox 2566 2098 2851 2190; x_wconf 81' lang='lat' dir='ltr'>puellae</span> 
     </span>
     <span class='ocr_line' id='line_1_14' title="bbox 971 2206 3063 2310; baseline 0 -27"><span class='ocrx_word' id='word_1_79' title='bbox 971 2206 1170 2283; x_wconf 86' lang='lat' dir='ltr'>Sacra</span> <span class='ocrx_word' id='word_1_80' title='bbox 1215 2227 1518 2296; x_wconf 83' lang='lat' dir='ltr'>canunt,</span> <span class='ocrx_word' id='word_1_81' title='bbox 1562 2207 1965 2302; x_wconf 86' lang='lat' dir='ltr'>funemque</span> <span class='ocrx_word' id='word_1_82' title='bbox 2011 2234 2234 2279; x_wconf 89' lang='lat' dir='ltr'>manu</span> <span class='ocrx_word' id='word_1_83' title='bbox 2280 2210 2688 2310; x_wconf 80' lang='lat' dir='ltr'>contingere</span> <span class='ocrx_word' id='word_1_84' title='bbox 2735 2208 3063 2309; x_wconf 71' lang='lat' dir='ltr'>gaudent.-</span> 
     </span>
     <span class='ocr_line' id='line_1_15' title="bbox 975 2322 2766 2417; baseline -0.001 -21"><span class='ocrx_word' id='word_1_85' title='bbox 975 2322 1111 2397; x_wconf 88' lang='lat' dir='ltr'>Illa</span> <span class='ocrx_word' id='word_1_86' title='bbox 1147 2325 1340 2397; x_wconf 88' lang='lat' dir='ltr'>subit</span> <span class='ocrx_word' id='word_1_87' title='bbox 1371 2378 1392 2413; x_wconf 90' lang='lat'>‚</span> <span class='ocrx_word' id='word_1_88' title='bbox 1438 2324 1864 2417; x_wconf 86' lang='lat' dir='ltr'>mediaeque</span> <span class='ocrx_word' id='word_1_89' title='bbox 1896 2325 2181 2396; x_wconf 90' lang='lat' dir='ltr'>minans</span> <span class='ocrx_word' id='word_1_90' title='bbox 2216 2325 2550 2398; x_wconf 89' lang='lat' dir='ltr'>inlabitur</span> <span class='ocrx_word' id='word_1_91' title='bbox 2588 2327 2766 2397; x_wconf 90' lang='lat' dir='ltr'>urbi.</span> 
     </span>
    </p>

    <p class='ocr_par' dir='ltr' id='par_1_5' title="bbox 969 2436 3105 2880">
     <span class='ocr_line' id='line_1_16' title="bbox 971 2436 3060 2537; baseline -0 -24"><span class='ocrx_word' id='word_1_92' title='bbox 971 2443 1046 2513; x_wconf 91' lang='lat' dir='ltr'>O</span> <span class='ocrx_word' id='word_1_93' title='bbox 1091 2441 1358 2537; x_wconf 89' lang='lat' dir='ltr'>patria,</span> <span class='ocrx_word' id='word_1_94' title='bbox 1408 2465 1452 2509; x_wconf 96' lang='lat' dir='ltr'>o</span> <span class='ocrx_word' id='word_1_95' title='bbox 1497 2436 1745 2510; x_wconf 75' lang='lat' dir='ltr'>divom</span> <span class='ocrx_word' id='word_1_96' title='bbox 1792 2439 2059 2511; x_wconf 85' lang='lat' dir='ltr'>domus</span> <span class='ocrx_word' id='word_1_97' title='bbox 2109 2440 2329 2510; x_wconf 91' lang='lat' dir='ltr'>Ilium</span> <span class='ocrx_word' id='word_1_98' title='bbox 2356 2495 2375 2529; x_wconf 89' lang='lat'>,</span> <span class='ocrx_word' id='word_1_99' title='bbox 2428 2463 2498 2513; x_wconf 91' lang='lat' dir='ltr'>et</span> <span class='ocrx_word' id='word_1_100' title='bbox 2544 2442 2809 2513; x_wconf 78' lang='lat' dir='ltr'>incluta</span> <span class='ocrx_word' id='word_1_101' title='bbox 2858 2440 3060 2512; x_wconf 89' lang='lat' dir='ltr'>bello</span> 
     </span>
     <span class='ocr_line' id='line_1_17' title="bbox 969 2550 3105 2650; baseline 0 -21"><span class='ocrx_word' id='word_1_102' title='bbox 969 2550 1270 2629; x_wconf 89' lang='lat' dir='ltr'>Moenia</span> <span class='ocrx_word' id='word_1_103' title='bbox 1315 2554 1879 2626; x_wconf 89' lang='lat' dir='ltr'>Dardanidum!</span> <span class='ocrx_word' id='word_1_104' title='bbox 1942 2574 2186 2649; x_wconf 87' lang='lat' dir='ltr'>quater</span> <span class='ocrx_word' id='word_1_105' title='bbox 2237 2556 2397 2650; x_wconf 84' lang='lat' dir='ltr'>ip&#39;so</span> <span class='ocrx_word' id='word_1_106' title='bbox 2449 2558 2525 2626; x_wconf 93' lang='lat' dir='ltr'>in</span> <span class='ocrx_word' id='word_1_107' title='bbox 2566 2558 2819 2627; x_wconf 90' lang='lat' dir='ltr'>limine</span> <span class='ocrx_word' id='word_1_108' title='bbox 2856 2576 3105 2650; x_wconf 90' lang='lat' dir='ltr'>portae</span> 
     </span>
     <span class='ocr_line' id='line_1_18' title="bbox 971 2660 3073 2777; baseline 0 -34"><span class='ocrx_word' id='word_1_109' title='bbox 971 2660 1350 2760; x_wconf 87' lang='lat' dir='ltr'>Substitit,</span> <span class='ocrx_word' id='word_1_110' title='bbox 1401 2687 1616 2763; x_wconf 91' lang='lat' dir='ltr'>atque</span> <span class='ocrx_word' id='word_1_111' title='bbox 1655 2676 1856 2777; x_wconf 79' lang='lat' dir='ltr'>ut&#39;ero</span> <span class='ocrx_word' id='word_1_112' title='bbox 1906 2671 2225 2741; x_wconf 84' lang='lat' dir='ltr'>sonitum</span> <span class='ocrx_word' id='word_1_113' title='bbox 2268 2690 2513 2765; x_wconf 84' lang='lat' dir='ltr'>quater</span> <span class='ocrx_word' id='word_1_114' title='bbox 2558 2690 2750 2743; x_wconf 87' lang='lat' dir='ltr'>arma</span> <span class='ocrx_word' id='word_1_115' title='bbox 2797 2672 3073 2745; x_wconf 91' lang='lat' dir='ltr'>dedere.-</span> 
     </span>
     <span class='ocr_line' id='line_1_19' title="bbox 973 2770 2803 2880; baseline 0 -22"><span class='ocrx_word' id='word_1_116' title='bbox 973 2770 1335 2860; x_wconf 78' lang='lat' dir='ltr'>Instamus</span> <span class='ocrx_word' id='word_1_117' title='bbox 1372 2790 1615 2857; x_wconf 83' lang='lat' dir='ltr'>tamen</span> <span class='ocrx_word' id='word_1_118' title='bbox 1657 2772 2093 2858; x_wconf 88' lang='lat' dir='ltr'>inmemores</span> <span class='ocrx_word' id='word_1_119' title='bbox 2139 2788 2467 2880; x_wconf 89' lang='lat' dir='ltr'>caecique</span> <span class='ocrx_word' id='word_1_120' title='bbox 2515 2786 2748 2859; x_wconf 88' lang='lat' dir='ltr'>fu&#39;rore</span> <span class='ocrx_word' id='word_1_121' title='bbox 2777 2826 2803 2879; x_wconf 73' lang='lat'>⁵</span> 
     </span>
    </p>

    <p class='ocr_par' dir='ltr' id='par_1_6' title="bbox 969 2899 2671 2975">
     <span class='ocr_line' id='line_1_20' title="bbox 969 2899 2671 2975; baseline 0.001 -2"><span class='ocrx_word' id='word_1_122' title='bbox 969 2903 1064 2974; x_wconf 87' lang='lat' dir='ltr'>Et</span> <span class='ocrx_word' id='word_1_123' title='bbox 1102 2918 1507 2975; x_wconf 87' lang='lat' dir='ltr'>monstrum</span> <span class='ocrx_word' id='word_1_124' title='bbox 1548 2899 1800 2971; x_wconf 81' lang='lat' dir='ltr'>infelix</span> <span class='ocrx_word' id='word_1_125' title='bbox 1846 2920 2100 2974; x_wconf 89' lang='lat' dir='ltr'>sacrata</span> <span class='ocrx_word' id='word_1_126' title='bbox 2148 2903 2459 2975; x_wconf 86' lang='lat' dir='ltr'>sistimus</span> <span class='ocrx_word' id='word_1_127' title='bbox 2501 2928 2671 2975; x_wconf 90' lang='lat' dir='ltr'>arce.</span> 
     </span>
    </p>

    <p class='ocr_par' dir='ltr' id='par_1_7' title="bbox 972 3014 2620 3111">
     <span class='ocr_line' id='line_1_21' title="bbox 972 3014 2620 3111; baseline 0.002 -23"><span class='ocrx_word' id='word_1_128' title='bbox 972 3015 1186 3090; x_wconf 88' lang='lat' dir='ltr'>Tunc</span> <span class='ocrx_word' id='word_1_129' title='bbox 1223 3017 1439 3088; x_wconf 87' lang='lat' dir='ltr'>etiam</span> <span class='ocrx_word' id='word_1_130' title='bbox 1483 3014 1640 3089; x_wconf 88' lang='lat' dir='ltr'>fatis</span> <span class='ocrx_word' id='word_1_131' title='bbox 1677 3018 1900 3111; x_wconf 87' lang='lat' dir='ltr'>aperit</span> <span class='ocrx_word' id='word_1_132' title='bbox 1938 3016 2328 3090; x_wconf 80' lang='lat' dir='ltr'>Cassandra</span> <span class='ocrx_word' id='word_1_133' title='bbox 2368 3017 2620 3092; x_wconf 89' lang='lat' dir='ltr'>futuris</span> 
     </span>
    </p>

    <p class='ocr_par' dir='ltr' id='par_1_8' title="bbox 973 3132 2807 3231">
     <span class='ocr_line' id='line_1_22' title="bbox 973 3132 2807 3231; baseline 0.002 -27"><span class='ocrx_word' id='word_1_134' title='bbox 973 3132 1159 3222; x_wconf 86' lang='lat' dir='ltr'>Ora,</span> <span class='ocrx_word' id='word_1_135' title='bbox 1198 3132 1313 3202; x_wconf 88' lang='lat' dir='ltr'>dei</span> <span class='ocrx_word' id='word_1_136' title='bbox 1347 3134 1551 3231; x_wconf 91' lang='lat' dir='ltr'>jussu</span> <span class='ocrx_word' id='word_1_137' title='bbox 1601 3156 1756 3202; x_wconf 90' lang='lat' dir='ltr'>non</span> <span class='ocrx_word' id='word_1_138' title='bbox 1800 3142 2155 3225; x_wconf 86' lang='lat' dir='ltr'>umquam</span> <span class='ocrx_word' id='word_1_139' title='bbox 2199 3133 2456 3205; x_wconf 88' lang='lat' dir='ltr'>credita</span> <span class='ocrx_word' id='word_1_140' title='bbox 2494 3134 2807 3207; x_wconf 85' lang='lat' dir='ltr'>Teucris.</span> 
     </span>
    </p>

    <p class='ocr_par' dir='ltr' id='par_1_9' title="bbox 971 3231 2983 3918">
     <span class='ocr_line' id='line_1_23' title="bbox 971 3231 2953 3341; baseline 0.003 -24"><span class='ocrx_word' id='word_1_141' title='bbox 971 3231 1132 3319; x_wconf 85' lang='lat' dir='ltr'>Nos</span> <span class='ocrx_word' id='word_1_142' title='bbox 1177 3234 1472 3317; x_wconf 84' lang='lat' dir='ltr'>delubra</span> <span class='ocrx_word' id='word_1_143' title='bbox 1513 3245 1740 3317; x_wconf 91' lang='lat' dir='ltr'>deum</span> <span class='ocrx_word' id='word_1_144' title='bbox 1781 3246 2019 3319; x_wconf 88' lang='lat' dir='ltr'>miseri</span> <span class='ocrx_word' id='word_1_145' title='bbox 2045 3302 2065 3336; x_wconf 86' lang='lat'>‚</span> <span class='ocrx_word' id='word_1_146' title='bbox 2122 3248 2390 3341; x_wconf 90' lang='lat' dir='ltr'>quibus</span> <span class='ocrx_word' id='word_1_147' title='bbox 2431 3250 2732 3322; x_wconf 89' lang='lat' dir='ltr'>ultimus</span> <span class='ocrx_word' id='word_1_148' title='bbox 2772 3266 2953 3323; x_wconf 82' lang='lat' dir='ltr'>esset</span> 
     </span>
     <span class='ocr_line' id='line_1_24' title="bbox 972 3342 2731 3458; baseline 0.003 -27"><span class='ocrx_word' id='word_1_149' title='bbox 972 3346 1111 3432; x_wconf 84' lang='lat' dir='ltr'>Ille</span> <span class='ocrx_word' id='word_1_150' title='bbox 1157 3342 1361 3450; x_wconf 86' lang='lat' dir='ltr'>dies,</span> <span class='ocrx_word' id='word_1_151' title='bbox 1412 3358 1587 3431; x_wconf 87' lang='lat' dir='ltr'>festa</span> <span class='ocrx_word' id='word_1_152' title='bbox 1626 3363 1947 3433; x_wconf 87' lang='lat' dir='ltr'>velamus</span> <span class='ocrx_word' id='word_1_153' title='bbox 1990 3360 2246 3433; x_wconf 84' lang='lat' dir='ltr'>fronde</span> <span class='ocrx_word' id='word_1_154' title='bbox 2295 3390 2422 3458; x_wconf 90' lang='lat' dir='ltr'>per</span> <span class='ocrx_word' id='word_1_155' title='bbox 2456 3364 2731 3437; x_wconf 87' lang='lat' dir='ltr'>urbem.</span> 
     </span>
     <span class='ocr_line' id='line_1_25' title="bbox 973 3458 2860 3571; baseline 0.002 -23"><span class='ocrx_word' id='word_1_156' title='bbox 973 3458 1295 3548; x_wconf 88' lang='lat' dir='ltr'>Vertitur</span> <span class='ocrx_word' id='word_1_157' title='bbox 1338 3476 1598 3545; x_wconf 80' lang='lat' dir='ltr'>interea</span> <span class='ocrx_word' id='word_1_158' title='bbox 1639 3477 1976 3564; x_wconf 84' lang='lat' dir='ltr'>coelum,</span> <span class='ocrx_word' id='word_1_159' title='bbox 2032 3495 2102 3548; x_wconf 90' lang='lat' dir='ltr'>et</span> <span class='ocrx_word' id='word_1_160' title='bbox 2152 3478 2288 3549; x_wconf 87' lang='lat' dir='ltr'>ruit</span> <span class='ocrx_word' id='word_1_161' title='bbox 2329 3479 2624 3551; x_wconf 85' lang='lat' dir='ltr'>Oceano</span> <span class='ocrx_word' id='word_1_162' title='bbox 2666 3498 2860 3571; x_wconf 83' lang='lat' dir='ltr'>nox,</span> 
     </span>
     <span class='ocr_line' id='line_1_26' title="bbox 974 3580 2870 3689; baseline 0.002 -27"><span class='ocrx_word' id='word_1_163' title='bbox 974 3580 1366 3662; x_wconf 86' lang='lat' dir='ltr'>Involvens</span> <span class='ocrx_word' id='word_1_164' title='bbox 1398 3588 1654 3660; x_wconf 89' lang='lat' dir='ltr'>umbra</span> <span class='ocrx_word' id='word_1_165' title='bbox 1691 3615 1947 3688; x_wconf 86' lang='lat' dir='ltr'>magna</span> <span class='ocrx_word' id='word_1_166' title='bbox 1980 3608 2381 3686; x_wconf 84' lang='lat' dir='ltr'>terramque</span> <span class='ocrx_word' id='word_1_167' title='bbox 2418 3596 2870 3689; x_wconf 89' lang='lat' dir='ltr'>polumque,-</span> 
     </span>
     <span class='ocr_line' id='line_1_27' title="bbox 975 3696 2983 3803; baseline 0.003 -26"><span class='ocrx_word' id='word_1_168' title='bbox 975 3702 1676 3802; x_wconf 70' lang='lat' dir='ltr'>Myrmidonumque</span> <span class='ocrx_word' id='word_1_169' title='bbox 1721 3700 1937 3778; x_wconf 87' lang='lat' dir='ltr'>dolos</span> <span class='ocrx_word' id='word_1_170' title='bbox 1982 3734 1998 3773; x_wconf 76' lang='grc' dir='ltr'><em>τ</em></span> <span class='ocrx_word' id='word_1_171' title='bbox 2057 3706 2193 3779; x_wconf 91' lang='lat' dir='ltr'>fusi</span> <span class='ocrx_word' id='word_1_172' title='bbox 2229 3734 2355 3803; x_wconf 86' lang='lat' dir='ltr'>per</span> <span class='ocrx_word' id='word_1_173' title='bbox 2390 3712 2683 3782; x_wconf 87' lang='lat' dir='ltr'>moenia</span> <span class='ocrx_word' id='word_1_174' title='bbox 2716 3696 2983 3784; x_wconf 78' lang='lat' dir='ltr'>Teucri</span> 
     </span>
     <span class='ocr_line' id='line_1_28' title="bbox 976 3818 2768 3918; baseline 0.003 -25"><span class='ocrx_word' id='word_1_175' title='bbox 976 3820 1404 3894; x_wconf 89' lang='lat' dir='ltr'>Conticuere</span> <span class='ocrx_word' id='word_1_176' title='bbox 1448 3834 1464 3890; x_wconf 73' lang='grc' dir='ltr'>ε’</span> <span class='ocrx_word' id='word_1_177' title='bbox 1524 3826 1744 3916; x_wconf 84' lang='lat' dir='ltr'>sopo‘r</span> <span class='ocrx_word' id='word_1_178' title='bbox 1784 3818 2007 3894; x_wconf 88' lang='lat' dir='ltr'>fessos</span> <span class='ocrx_word' id='word_1_179' title='bbox 2051 3825 2523 3918; x_wconf 88' lang='lat' dir='ltr'>&#39;conplectitur</span> <span class='ocrx_word' id='word_1_180' title='bbox 2566 3845 2768 3899; x_wconf 78' lang='lat' dir='ltr'>artuS.</span> 
     </span>
    </p>
   </div>
   <div class='ocr_carea' id='block_1_3' title="bbox 376 3952 3558 5648">
    <p class='ocr_par' dir='ltr' id='par_1_10' title="bbox 376 3952 3558 5648">
     <span class='ocr_line' id='line_1_29' title="bbox 376 3952 3558 5648; baseline 0 0"><span class='ocrx_word' id='word_1_181' title='bbox 376 3952 3558 5648; x_wconf 95' lang='lat' dir='ltr'> </span> 
     </span>
    </p>
   </div>
  </div>
 </body>
</html>
