3750 6217
518 718 969 804 AENEIDOS
1025 722 1108 797 VI.
1165 747 1200 795 v.
1245 746 1337 823 ³91·
1472 734 1556 821 ⁴245·

337 896 415 970 Nec
430 917 515 966 vero
536 888 691 963 Alciden
710 915 772 967 me
791 914 874 966 sum
891 891 1039 964 laetatus
1058 908 1206 965 euntem

336 1013 533 1108 Adcepisse
550 1011 655 1099 lacu,
681 1033 748 1080 nec
765 1006 904 1081 Thesea
922 1005 1220 1102 Pirithoumque:

336 1128 418 1201 Diis
438 1150 663 1222 quamquam
679 1125 814 1224 geniti,
839 1144 950 1217 atque
970 1125 1094 1201 invicti
1111 1123 1245 1197 viribus
1264 1141 1390 1197 essent

335 1245 546 1317 Tartareum
565 1243 626 1317 ille
645 1266 759 1315 manu
779 1241 970 1315 custodem
993 1241 1033 1315 in
1051 1242 1168 1314 vincla
1187 1239 1315 1337 petivit

335 1362 458 1456 Ipsius
474 1387 495 1431 a
515 1359 610 1433 solio
630 1360 742 1457 regis,
764 1358 943 1451 traxitque
959 1376 1193 1435 trementem:

335 1476 388 1548 Hi
408 1478 597 1548 dominam
617 1472 713 1547 Ditis
732 1474 891 1547 thalamo
912 1473 1087 1550 deducere
1106 1473 1233 1552 adorti.
1259 1472 1265 1479 ’

335 1592 442 1699 Quae
462 1612 586 1666 contra
603 1591 755 1665 breviter
772 1588 844 1665 fata
865 1608 916 1666 est
932 1589 1148 1688 Amphrysia
1166 1605 1280 1667 vates:

334 1708 468 1781 Nullae
483 1703 542 1780 hic
562 1707 714 1781 insidiae
731 1709 821 1781 tales
835 1734 846 1787 t
868 1706 1000 1783 absiste
1017 1707 1179 1783 moveri:

335 1824 414 1896 Nec
432 1826 509 1897 vim
525 1826 598 1897 tela
617 1823 735 1896 ferunt
754 1851 763 1891 r
793 1824 877 1897 licet
895 1824 1024 1924 ingens
1037 1826 1172 1925 janitor
1190 1840 1292 1899 antro

335 1938 532 2013 Aetemum
549 1942 680 2014 latrans
698 1941 888 2039 exsanguis
903 1958 1027 2015 terreat
1044 1940 1212 2015 umbras:
1306 1977 1311 1988 ·

334 2054 442 2128 Casta
461 2057 544 2128 licet
563 2058 681 2151 patrui
700 2076 812 2131 servet
832 2057 1044 2154 Proserpina
1061 2059 1187 2131 limen.

334 2171 467 2246 Troius
485 2171 645 2262 Aeneas,
663 2173 797 2267 pietate
817 2174 968 2274 insignis
986 2190 1023 2249 et
1038 2174 1165 2264 armis,

333 2287 394 2359 Ad
411 2290 611 2389 genitorem
629 2289 720 2362 imas
740 2288 847 2365 Erebi
865 2290 1051 2367 descendit
1068 2291 1116 2365 ad
1136 2290 1291 2369 umbrat.

291 2407 303 2427 ⁸
333 2402 371 2475 Si
388 2421 423 2475 te
443 2407 543 2477 nulla
562 2423 689 2478 movet
706 2424 825 2479 tantae
842 2407 985 2503 pietatis
1006 2408 1148 2502 imago,

333 2516 384 2591 At
402 2544 546 2591 ramum
564 2520 663 2591 hunc
684 2520 823 2612 (aperit
838 2541 982 2593 ramum
1002 2520 1067 2612 qui
1083 2536 1180 2592 veste
1199 2516 1352 2611 latebat)

334 2632 554 2730 Adgnoscas.
590 2633 734 2707 tumida
752 2656 798 2707 ex
816 2633 866 2707 ira
885 2653 968 2707 tum
988 2634 1095 2709 'corda
1112 2632 1291 2710 residunt:

334 2747 412 2818 Nec
431 2751 534 2842 plura
553 2749 618 2820 his.
664 2750 725 2823 ille
743 2747 923 2825 admirans
939 2749 1141 2824 venerabile
1159 2749 1303 2827 donum

333 2865 463 2937 Fatalis
479 2863 621 2962 virgae,
643 2865 757 2961 longo
774 2886 860 2957 post
876 2880 1044 2957 tempore
1063 2866 1207 2950 visum,

333 2981 545 3053 Caeruleam
564 2978 712 3050 advertit
731 2978 912 3071 puppim,
933 2976 1106 3072 ripaeque
1125 2977 1359 3073 propinquat.

334 3096 428 3169 lnde
447 3095 533 3167 alias
553 3095 712 3181 animas,
735 3116 828 3186 quae
847 3117 911 3189 per
923 3094 1010 3191 juga
1027 3095 1138 3192 longa
1157 3091 1346 3181 sedebant,

335 3209 533 3300 Detrubat,
554 3211 724 3305 laxatque
742 3206 843 3282 foros
865 3235 874 3278 ι
906 3210 1018 3285 simul
1033 3208 1171 3306 adcipit
1186 3210 1291 3287 alveo

332 3328 530 3425 Ingentem·
545 3324 703 3399 Aenean.
744 3325 882 3423 gemuit
901 3324 970 3399 sub
987 3325 1151 3420 pondere
1167 3326 1299 3423 cymba

332 3441 471 3533 Sutilis,
493 3460 528 3514 et
543 3443 700 3512 multam
720 3439 864 3537 adcepit
880 3441 1015 3517 rimosa
1033 3426 1223 3538 paludem]

333 3558 501 3631 Tandem
520 3576 617 3629 trans
636 3555 792 3632 fluvium
810 3558 1014 3632 incolumes
1033 3574 1228 3654 vatemque
1245 3560 1438 3658 virumque

333 3672 490 3745 Informi
508 3675 601 3744 limo
623 3676 822 3773 glaucaque
842 3674 997 3770 exponit
1014 3678 1055 3749 in
1074 3678 1167 3749 ulva.

391 3788 565 3862 Cerberus
583 3791 669 3861 haec
686 3789 811 3889 ingens
828 3792 954 3865 latratu
971 3817 1078 3893 regna
1094 3791 1233 3873 trifauci

332 3905 527 3995 Personat,
545 3905 692 3979 adverso
712 3904 885 3982 recubans
904 3907 1062 3982 inmanis
1083 3907 1120 3981 in
1140 3926 1252 3982 antro.
1349 3952 1356 3972 -.

335 4020 407 4092 Cui
427 4038 541 4110 vates,
565 4022 705 4094 horrere
721 4021 849 4097 videns
864 4025 941 4122 jam
960 4027 1055 4098 colla
1072 4023 1254 4116 colubria,

332 4134 445 4208 Melle
463 4156 670 4233 soporatam
692 4156 728 4211 et
746 4137 934 4215 medicatis
953 4138 1114 4241 frugibus
1136 4139 1247 4214 offam

334 4252 482 4352 Objicit.
524 4254 608 4345 ille,
626 4252 722 4327 fame
737 4252 862 4328 rabida
880 4256 945 4329 tn'a
964 4277 1105 4358 guttura
1121 4259 1307 4354 pandens,

334 4367 505 4464 Conripit
526 4369 723 4470 objectam,
743 4389 850 4466 atque
868 4372 1026 4447 inmania
1044 4395 1138 4475 terga
1157 4378 1305 4453 resolvit

334 4480 450 4558 Fusus
469 4485 594 4576 humi,
615 4504 770 4583 totoque
788 4489 913 4589 ingens
931 4493 1131 4565 extenditur
1146 4510 1259 4569 antro.

335 4600 502 4699 Occupat
520 4601 659 4685 Aeneas
676 4604 817 4682 aditum
836 4608 987 4687 custode
1001 4611 1167 4722 sepulto,

1182 4731 1203 4775 s
