3750 6217
316 778 760 915 ECLOGA
822 664 1381 915 SECUNDA:

374 1036 376 1040 ’
467 1086 546 1255 A
604 1081 677 1253 L
742 1079 963 1253 nx
1022 1083 1060 1253 r
1123 1084 1207 1257 s,
1307 1174 1309 1179 ·

246 1463 580 1562 FORMOSUM
599 1490 722 1566 pastor
744 1470 919 1565 Corydon
932 1422 1083 1547 'ardebat
1102 1468 1255 1563 Alexin,

247 1584 405 1658 Delicias
424 1585 567 1658 domini
596 1615 604 1654 ε
633 1610 725 1678 nec,
752 1586 856 1680 quod
874 1606 1052 1682 speraret,
1076 1586 1239 1664 habebat.

246 1700 410 1780 Tantum
429 1703 519 1780 inter
536 1701 685 1793 densas,
705 1701 877 1777 umbrosa
894 1703 1106 1791 cacumina,
1127 1701 1229 1803 fagos

244 1810 410 1891 Adsidue
435 1816 602 1889 veniebat
630 1846 639 1886 r
668 1817 720 1894 ibi
738 1819 824 1890 haec
846 1817 1032 1896 incondita
1056 1818 1155 1897 solus

246 1931 437 2005 Montibus
458 1951 493 2006 et
513 1933 610 2005 silvis
636 1933 756 2005 studio
772 1931 928 2030 jactabat
947 1933 1068 2011 inani:

303 2048 341 2122 Ο
359 2047 511 2128 crudelis
527 2046 655 2137 Alexi,
676 2048 768 2120 nihil
783 2073 866 2118 mea
885 2049 1041 2124 carmina
1058 2072 1175 2121 curas:

246 2162 310 2234 Nil
327 2164 442 2236 nostri
458 2162 623 2234 miserere
653 2191 661 2230 :
690 2164 784 2235 mori
803 2189 864 2234 me
884 2163 1041 2257 denique
1060 2187 1175 2262 coges..

245 2277 355 2348 Nunc
375 2280 483 2350 etiam
505 2278 662 2374 pecudes
681 2279 827 2357 umbras
851 2299 887 2351 et
908 2277 1037 2381 frigora
1060 2296 1225 2377 captant:

246 2391 355 2464 Nunc
373 2394 494 2466 viridis
512 2395 619 2470 etiarn
641 2396 821 2466 occultant
840 2395 979 2490 spineta
998 2394 1170 2472 lacertos:

245 2505 429 2603 'lhestylis
447 2528 483 2582 et
500 2510 628 2606 rapido
651 2509 752 2585 fessis
770 2509 990 2589 messoribus
1010 2529 1108 2582 aestu

243 2614 342 2694 'Allia
362 2627 633 2721 serpullumque
648 2625 775 2699 herbas
794 2624 988 2698 contundit
1007 2625 1149 2704 olentis.

246 2736 297 2810 At
314 2764 460 2812 mecum
476 2742 615 2831 raucis,
639 2760 700 2815 tua
721 2741 810 2812 dum
828 2741 976 2839 vestigia
995 2743 1128 2830 lustro,

246 2849 332 2929 Sole
353 2855 419 2926 sub
441 2857 578 2927 ardenti
600 2874 768 2933 resonant
785 2856 926 2933 arbusta
947 2855 1085 2932 cicadis.

245 2948 382 3039 Nonne
404 2968 475 3047 fuit
494 2971 624 3059 satius,
646 2970 756 3041 tristis
774 2967 1004 3062 Amaryllidis
1024 2970 1114 3049 iras.

246 3081 371 3174 Atque
389 3083 540 3175 superba
557 3085 632 3176 pati
652 3082 793 3155 fastidia
812 3083 829 3152 ?
857 3105 983 3152 nonne
1001 3082 1223 3152 Menalcan?

247 3194 429 3301 Quamvis
450 3196 512 3266 ille
530 3197 651 3295 niger,
676 3196 841 3290 quamvis
865 3213 907 3267 tu
928 3192 1101 3268 candidus
1121 3220 1221 3269 esses.

246 3311 285 3383 Ο
305 3309 465 3382 formose
481 3335 595 3405 puer,
624 3311 781 3386 nimium
805 3336 850 3384 ne
870 3310 972 3383 crede
995 3313 1118 3390 colori.

246 3423 341 3498 Alba
358 3426 500 3523 ligustra
520 3425 672 3516 cadunt,
694 3427 853 3503 vaccinia
871 3427 970 3526 nigra
987 3427 1162 3525 leguntur.

245 3539 446 3635 Despectus
465 3540 533 3611 tibi
555 3565 663 3631 sum,
686 3565 754 3614 nec
774 3543 838 3634 qui
856 3542 925 3625 sim
945 3542 1104 3636 quaeris,
1131 3541 1262 3622 Alexis

245 3654 372 3761 Quam
390 3655 490 3732 dives
509 3646 649 3750 pe'coris
670 3657 788 3745 nivei,
811 3681 922 3750 quam
942 3657 1042 3739 lactis
1062 3656 1260 3737 abundans.

244 3769 350 3842 Mille
369 3795 471 3842 meae
489 3769 617 3847 Siculis
633 3790 747 3852 errant
765 3772 805 3852 in
824 3769 1014 3845 montibus
1036 3797 1155 3870 agnae.

245 3883 319 3956 Lac
338 3886 432 3965 mihi
453 3909 532 3966 non
552 3904 701 3978 aestate,
728 3910 869 3966 novom
889 3911 968 3958 non
992 3886 1120 3985 frigore
1140 3887 1236 3960 defit.

246 3996 389 4088 Canto,
415 4025 508 4094 quae
533 4001 686 4092 solitus,
714 4003 743 4074 si
769 4000 918 4094 quando
942 4019 1100 4079 armenta
1122 4002 1298 4094 vocabat,

246 4113 437 4209 Amphion
450 4113 625 4196 -Dircaeus
643 4119 681 4188 in
698 4114 833 4191 Actaeo
851 4113 1064 4211 Aracyntho.

245 4228 323 4301 Nec
343 4255 424 4301 sum
443 4229 534 4301 adeo
555 4229 721 4306 informis
751 4260 762 4308 ε,
787 4257 903 4328 nuper
921 4257 982 4304 me
999 4233 1038 4303 in
1058 4233 1161 4307 litore
1179 4235 1282 4325 vidi,

245 4342 376 4450 Quom
395 4345 580 4441 placidum
599 4349 719 4423 ventis
733 4365 837 4422 staret
854 4371 961 4419 mare.
1001 4372 1079 4421 non
1099 4375 1166 4450 ego
1186 4349 1361 4452 Daphnin

241 4454 370 4551 Judice
389 4479 631 4558 temetum,
656 4465 686 4540 si
705 4488 909 4561 numquam
928 4460 1027 4541 fallat
1045 4465 1176 4568 imago.
