3750 6217
497 748 952 846 AENEI'DO'S
1009 759 1152 845 V'IH,
1211 794 1244 842 rt
1298 768 1386 843 160.
1463 789 1539 864 ⁹9¹

333 933 557 1029 Mirabarque
577 936 686 1013 duces
704 936 884 1022 Teucros,
905 933 1059 1004 mirabar
1075 953 1111 1005 et
1131 935 1254 1029 ipsum

335 1051 676 1125 Laomedontiaden
696 1079 704 1119 r
735 1052 798 1124 sed
819 1051 954 1122 cunctis
973 1050 1078 1121 altior
1097 1039 1172 1122 ibat

333 1163 527 1240 Anchises·
554 1168 646 1237 mihi
663 1191 768 1240 mens
783 1162 945 1265 juvenali
966 1161 1111 1236 ardebat
1129 1188 1252 1236 amore

332 1283 551 1377 Conpellare
568 1284 710 1372 virum,
735 1301 771 1354 et
789 1283 931 1353 dextrae
951 1283 1165 1377 conjungere
1182 1281 1342 1353 dextram
1356 1304 1367 1352 r

334 1389 505 1486 Adcessi,
526 1415 562 1469 er
582 1392 738 1493 cupidus
758 1398 892 1470 Phenei
911 1393 979 1469 sub
996 1396 1143 1467 moenia
1163 1395 1261 1467 duxi.

335 1514 405 1586 Ille
424 1514 517 1583 mihi
534 1512 713 1610 insignem
733 1513 954 1609 pharetram,
976 1512 1176 1606 Lyciasque
1199 1511 1340 1611 sagittas

334 1627 553 1718 DiscedenS,
578 1629 882 1724 chlamydemque
902 1652 988 1699 auro
1010 1627 1110 1701 dedit
1128 1618 1376 1715 intertextam,

333 1739 519 1837 frenaque
535 1745 647 1834 bina,
672 1771 776 1817 meus
796 1770 888 1839 quae
906 1753 1003 1815 nunc
1022 1741 1151 1832 habet,
1176 1757 1299 1831 aurea,
1319 1743 1445 1815 Pallas.

333 1860 428 1960 Ergo
449 1871 509 1948 et,
530 1876 642 1953 quam
662 1848 806 1954 petitis,
825 1861 950 1958 juncta
970 1876 1022 1932 est
1038 1858 1130 1928 mihi
1148 1856 1292 1930 foedere
1312 1855 1454 1931 dextra:

335 1975 405 2065 Et,
426 1975 492 2046 lut
509 1984 627 2069 quom
648 1975 808 2070 primum
826 1976 923 2048 'terris
944 2001 980 2047 se
999 1973 1147 2047 crastina
1163 1971 1311 2064 reddet,
1408 2002 1412 2017 ¹

335 2084 484 2162 Auxilio
504 2093 618 2164 laetos
635 2090 844 2178 dimittam,
868 2076 1074 2184 opibusque
1089 2089 1255 2188 juvabo:

335 2206 474 2278 Interea
495 2231 587 2278 sacra
604 2205 713 2296 haec,
739 2206 890 2299 quando
911 2207 981 2277 huc
1000 2200 1147 2277 venistis
1166 2204 1298 2295 amici,

335 2320 491 2410 Annua,
514 2337 609 2416 quae
627 2319 764 2393 differre
781 2320 902 2410 nefas,
928 2310 1100 2393 celebrate
1118 2317 1274 2392 faventes

334 2429 564 2525 Nobiscum,
588 2438 716 2537 etjam
733 2460 832 2508 nunc
848 2437 1030 2508 sociorum
1050 2430 1246 2507 adsuescite
1265 2430 1412 2510 mensis.

334 2551 433 2623 Haec
454 2551 518 2624 ubi
538 2550 652 2644 dicta,
674 2551 787 2647 dapes
801 2546 905 2650 jubet
923 2570 959 2623 et
979 2549 1114 2622 sublata
1134 2550 1261 2643 reponi

333 2666 490 2757 Pocula,
510 2669 767 2768 gramineoque
785 2666 883 2738 viros
902 2659 999 2738 locat
1016 2665 1094 2760 ipse
1114 2658 1241 2738 sedili:

332 2778 648 2877 Praecipuomque
667 2800 748 2854 toro
769 2801 805 2854 et
822 2783 943 2854 villosi
964 2774 1061 2877 pelle
1082 2781 1199 2852 leonis

332 2895 482 2990 Adcipit
501 2894 670 2986 Aenean,
697 2889 866 2990 solioque
887 2890 1014 2970 invitat
1033 2920 1170 2968 acerno·

334 3012 434 3083 Tum
454 3005 536 3084 lecti
552 3016 701 3110 juvenes
720 3001 878 3084 certatim
896 3034 1050 3105 araeque
1067 3005 1230 3083 sacerdos

331 3126 478 3199 Viscera
495 3145 590 3200 tosta
609 3127 726 3199 femnt
742 3146 954 3216 taurorum,
978 3144 1199 3219 onerantque
1218 3119 1377 3201 canistris

332 3242 442 3314 Dona
461 3244 641 3325 laboratae
661 3240 814 3333 Cereris,
835 3238 1088 3336 Bacchumque
1107 3241 1318 3315 ministrant

335 3356 504 3429 Vescitur
522 3354 681 3448 Aeneas,
703 3348 812 3430 simul
831 3377 867 3430 et
886 3356 1044 3429 Troiana
1058 3358 1250 3456 juventus,

330 3473 499 3567 Perpetui
517 3493 618 3572 tergo
637 3474 761 3564 bovis,
786 3493 821 3546 et
840 3463 1044 3546 lustralibus
1062 3472 1160 3546 extis.

296 3615 308 3633 ³
391 3584 594 3683 Postquam
613 3607 755 3662 exemta
772 3588 904 3680 fames,
927 3607 964 3661 et
984 3612 1086 3660 amor
1105 3610 1316 3684 conpressus
1336 3587 1487 3684 edendi,

330 3702 410 3775 Rex
429 3699 617 3778 Euandms
637 3705 686 3777 ait
705 3730 716 3775 r
746 3701 834 3777 Non
853 3704 942 3777 haec
958 3699 1147 3777 sollemnia
1167 3700 1296 3798 nobis,

330 3820 407 3892 Has
430 3835 475 3890 err
493 3844 597 3891 more
616 3819 747 3917 dapes,
768 3821 860 3893 hanc
877 3822 966 3894 tanti
987 3821 1150 3893 numinis
1166 3847 1263 3893 aram

332 3928 440 4006 Vana
461 3937 663 4028 superstitio
683 3956 919 4031 veterumque
940 3935 1058 4034 ignara
1075 3936 1228 4008 deorum

334 4044 514 4144 Inposuit
552 4045 681 4141 saeris,
703 4047 837 4147 hospes
856 4048 1039 4142 Troiane,
1065 4046 1206 4146 periclis

333 4159 466 4238 Servati
486 4163 663 4254 facimus,
682 4167 903 4261 meritosque
923 4182 1101 4239 novamus
1120 4163 1286 4243 honores.

330 4282 414 4371 Jam
432 4281 595 4375 primum
616 4282 709 4354 saxis
729 4306 941 4377 suspensam
960 4258 1214 4378 hanc⁴⁸adspice
1233 4306 1386 4379 mpemr

334 4397 510 4494 Disjectae
530 4398 659 4492 procul
679 4415 721 4470 ut
739 4399 880 4489 moles,
907 4397 1116 4492 desertaque
1136 4401 1273 4472 montis

336 4509 411 4583 Stat
431 4512 588 4602 domus,
612 4531 647 4586 et
665 4512 811 4608 scopuli
829 4514 1011 4612 ingentem
1032 4534 1165 4586 traxere
1184 4515 1336 4589 ruinam.

338 4623 409 4700 Hic
430 4629 600 4724 spelunca
620 4626 688 4700 fuit
703 4649 803 4705 vasto
822 4628 992 4705 submota
1012 4651 1170 4711 recessu;

1218 4745 1256 4818 O
1269 4773 1291 4818 o
1325 4768 1344 4819 a
