3750 6217
461 601 1273 720 Aruernosru.eaa
1409 644 1484 738 am

259 802 444 902 Vellitur,
467 808 554 881 huic
575 829 651 880 atro
670 811 858 903 liquuntur
877 806 1048 905 sanguine
1066 827 1201 902 guttae,

259 920 307 992 Et
328 942 459 996 terram
479 923 567 997 tabo
587 928 781 997 maculant
823 925 915 993 milri
936 921 1084 1019 frigidus
1104 920 1227 991 horror

261 1037 429 1112 Membra
449 1041 588 1133 quatit,
611 1040 826 1139 gelidusque
846 1040 918 1111 coit
937 1035 1135 1108 formidine
1156 1038 1310 1135 sanguis.

194 1212 197 1216 ,
260 1150 398 1228 Rursus
418 1174 454 1228 et
474 1157 616 1227 alterius
636 1158 776 1246 lentum
798 1156 1000 1225 convellere
1021 1153 1145 1235 vimen

260 1268 462 1364 Insequor,
487 1287 522 1368 et
538 1294 676 1343 caussas
692 1272 838 1365 penitus
856 1288 989 1341 tentare
1010 1267 1171 1346 latentis;

260 1383 346 1455 Ater
364 1404 401 1457 et
418 1387 561 1457 alterlus
582 1387 743 1479 sequitur
761 1386 807 1456 de
827 1386 958 1473 cortice
979 1382 1133 1479 sanguis.

262 1495 381 1571 Multa
401 1525 554 1573 movens
574 1501 699 1572 animo
719 1500 911 1595 Nymphas
927 1497 1118 1570 venerabar
1137 1497 1306 1595 agrestis,

262 1612 537 1710 Gradivumque
557 1636 720 1712 patrem,
748 1615 884 1688 Geticis
905 1616 969 1709 qui
990 1611 1167 1708 praesidet
1185 1613 1299 1703 arvis,

260 1726 343 1801 Rite
364 1732 599 1804 secundarent
615 1732 732 1821 visus,
756 1756 944 1824 omenque
964 1732 1130 1809 levarent,

261 1841 381 1916 Tertia
403 1847 466 1918 sed
485 1865 683 1941 postquam
702 1849 836 1943 majore
854 1847 993 1917 hastilia
1014 1845 1095 1917 nisu

260 1960 479 2058 Adgredior,
495 1954 725 2061 'genibusque
743 1963 907 2033 adversae
926 1960 1096 2031 obluctor
1115 1982 1238 2029 arenae
1255 1989 1265 2038 r

257 2074 462 2169 (Eloquar,
483 2102 529 2147 an
549 2078 673 2149 sileam
694 2079 710 2148 ?
731 2080 744 2171 )
766 2078 921 2175 gemitus
941 2074 1169 2155 lacrimabilis
1190 2075 1268 2147 imo

259 2188 412 2261 Auditur
430 2195 598 2284 tumulo,
621 2212 656 2263 et
675 2217 749 2262 vox
769 2192 906 2274 reddita
925 2190 1033 2262 fertur
1053 2189 1098 2260 ad
1117 2191 1228 2272 aurisr

262 2302 366 2408 Quid
385 2308 579 2398 miserum,
602 2307 747 2397 Aenea,
770 2309 897 2385 laceras
916 2309 931 2378 ?
957 2309 1034 2403 jam
1055 2329 1159 2400 parce
1178 2306 1346 2398 sepulto:

260 2416 367 2490 Parce
388 2422 466 2514 pias
487 2425 651 2494 scelerare
671 2448 812 2495 manus.
856 2448 935 2494 non
955 2448 1016 2509 me
1033 2420 1099 2490 tibi
1121 2418 1234 2490 Troia

257 2532 456 2607 Externum
474 2540 558 2609 tulit
582 2566 590 2607 :
620 2556 682 2609 aut
701 2563 804 2615 cruor
820 2538 879 2612 hic
899 2538 951 2609 de
970 2537 1090 2631 stipite
1110 2552 1245 2606 manat.
1279 2584 1286 2594 »

257 2647 341 2719 Heu
364 2652 371 2719 !
402 2649 484 2751 fuge
506 2654 667 2726 crudeles
683 2672 810 2742 terras,
838 2652 922 2751 fuge
941 2654 1025 2725 litus
1046 2674 1203 2722 avarum.

250 2762 352 2833 Nam
375 2765 579 2862 Polydorus
599 2794 677 2867 ego.
718 2763 776 2842 liic
794 2768 981 2838 confixum
1001 2766 1108 2837 ferrea
1129 2765 1218 2838 texit

250 2876 434 2953 Telorum
456 2890 570 2981 seges,
598 2902 633 2954 et
648 2884 777 2982 jaculis
798 2883 948 2954 increvit
966 2882 1086 2956 acutis.

249 2991 350 3065 Tum
370 3022 454 3067 vero
478 2999 624 3091 ancipiti
642 3016 805 3069 mentem
825 2996 1022 3067 formidine
1042 3018 1184 3089 pressus

253 3110 460 3206 Obstupui,
483 3130 727 3206 steteruntque
748 3136 896 3199 comae,
919 3130 956 3194 et
976 3135 1050 3185 vox
1067 3107 1230 3180 faucibus
1249 3109 1371 3180 haesit.
1403 3199 1405 3203 Ι
1445 3133 1452 3143 ’

309 3225 419 3296 Hunc
440 3225 667 3321 Polydorum
687 3229 762 3298 auri
779 3226 971 3321 quondam
992 3249 1078 3299 cum
1097 3222 1260 3318 pondere
1279 3246 1414 3322 magno
1450 3272 1453 3279 ,

251 3338 387 3423 Infelix
404 3341 567 3415 Priamus
588 3342 712 3413 furtim
732 3342 918 3414 mandarat
937 3340 1114 3412 alendum
1231 3391 1234 3397 -

251 3453 418 3526 Threicio
440 3458 531 3555 regi;
557 3483 672 3551 quom
689 3460 767 3555 jam
788 3456 963 3527 diffideret
986 3455 1094 3526 armis

249 3567 472 3662 Dardaniae,
497 3574 665 3671 cingique
683 3572 810 3644 urbem
830 3572 1023 3644 obsidione
1042 3568 1189 3642 videret

250 3683 341 3774 Ille,
365 3704 407 3757 ut
425 3712 514 3780 opes
533 3686 660 3761 fractae
679 3687 861 3761 Teucriam
877 3743 887 3777 ,
910 3706 947 3759 et
962 3686 1119 3757 Fortuna
1136 3683 1299 3772 recessit,

248 3797 321 3872 Res
340 3798 648 3898 Agamemnonias
670 3802 900 3895 victriciaque
921 3826 1018 3872 arma
1042 3816 1203 3885 secutus,

249 3912 316 3987 Fas
338 3940 450 3987 omne
467 3916 678 4010 abrumpit:
709 3917 936 4011 Polydomm
958 3915 1170 4000 obtmncat,
1197 3928 1233 3982 et
1252 3935 1338 3981 auro

247 4024 299 4101 Vi
317 4032 465 4125 potitur.
505 4032 596 4125 quid
617 4057 695 4103 non
716 4031 883 4103 mortalia
901 4048 1048 4126 pectora
1070 4026 1192 4125 cogis,

244 4141 333 4215 Auri
357 4171 450 4218 sacra
475 4143 621 4218 fames?
652 4167 851 4240 postquam
869 4170 985 4241 pavor
1006 4168 1086 4217 ossa
1105 4140 1273 4234 reliquit,

159 4241 170 4270 '
244 4255 418 4333 Delector
440 4262 574 4357 populi
598 4262 643 4332 ad
663 4286 849 4357 proceres,
873 4261 1111 4356 primumque
1131 4277 1319 4349 parentem
1435 4275 1443 4298 ‘

243 4372 409 4447 Monstra
429 4377 539 4447 desim
560 4375 698 4465 refero,
724 4395 785 4464 et,
809 4401 902 4470 quae
926 4377 972 4448 sit
992 4371 1186 4459 sententia,
1206 4395 1334 4464 posco,

244 4487 432 4564 Omnibus
451 4490 551 4563 idem
571 4491 716 4564 animus
738 4494 902 4564 scelerata
922 4490 1092 4562 excedere
1114 4503 1203 4556 terra
1219 4514 1228 4564 3

1087 4599 1176 4668 *X
1211 4622 1229 4669 a
