3750 6217
551 696 999 781 AENEIDOS
1055 708 1085 783 Ι.
1144 733 1177 781 v.
1227 732 1315 783 rso.
1458 727 1531 794 ιι]

329 868 412 961 Janr
425 868 584 943 validam
602 869 734 942 Ilionei
753 895 904 961 navem,
922 871 1000 968 jam
1017 870 1117 946 fortis
1135 871 1314 959 Achatae,

331 986 378 1058 Et
397 1012 471 1081 qua
486 1004 608 1059 vectus
625 986 742 1076 Abas,
762 1005 798 1059 et
817 1011 889 1079 qua
908 986 1126 1085 grandaevus
1145 986 1286 1074 Aletes,

332 1100 433 1173 Vicit
451 1101 588 1180 hiems;
611 1101 701 1173 laxis
720 1104 871 1173 laterum
890 1086 1113 1200 conpagibus
1134 1125 1261 1175 omnes

333 1215 532 1313 Adcipiunt
551 1216 742 1288 inimicum
758 1217 933 1305 imbrem,
958 1216 1130 1313 rimisque
1147 1217 1321 1293 fatiscunt

391 1332 528 1404 Interea
548 1356 681 1429 magno
700 1332 840 1404 misceri
859 1356 1044 1407 murmure
1060 1353 1242 1428 pontum,

334 1448 586 1541 Emissamque
604 1448 763 1519 hiemem
781 1448 890 1521 sensit
908 1446 1122 1543 Neptunus,
1141 1468 1176 1520 et
1190 1447 1274 1518 imis

335 1562 464 1661 Stagna
481 1562 595 1635 refusa
613 1563 713 1635 vadis
730 1590 739 1635 t
768 1564 914 1663 graviter
933 1582 1148 1656 conmotus,
1168 1583 1202 1635 et
1222 1564 1295 1634 alto

336 1677 581 1772 Prospiciens,
601 1704 745 1752 summa
764 1679 950 1775 placidum
967 1696 1076 1775 caput
1094 1678 1221 1751 extulit
1236 1676 1344 1761 unda,

336 1791 528 1892 Disjectam
547 1792 687 1866 Aeneae
704 1814 785 1867 toto
802 1794 900 1866 vldet
917 1818 1072 1888 aequore
1091 1796 1239 1867 classem
1258 1820 1266 1866 z

335 1909 523 1987 Fluctibus
543 1933 736 2004 oppressos
754 1909 891 1999 Troas,
914 1910 1081 2005 coelique
1100 1912 1210 1987 ruina.

337 2024 413 2096 Nec
433 2025 564 2098 latuere
583 2025 661 2096 doll
680 2023 822 2097 fratrem
838 2023 997 2114 Junonls
1013 2045 1049 2098 et
1067 2026 1147 2098 irae.

336 2139 474 2212 Eurum
495 2141 541 2210 ad
562 2165 598 2212 se
618 2140 900 2236 Zephyrumque
917 2164 1039 2221 vocat;
1059 2140 1189 2213 dehinc
1208 2140 1293 2212 talia
1312 2137 1423 2213 fatur:

393 2255 557 2329 Tantane
575 2281 641 2331 vos
661 2257 795 2356 generis
812 2258 927 2328 tenuit
947 2255 1076 2328 fiducia
1093 2257 1196 2329 vestrl
1215 2256 1231 2325 Ρ

333 2371 416 2462 Jam
434 2373 580 2445 coelum
599 2388 798 2467 terramque
817 2396 902 2445 meo
923 2373 999 2445 sine
1016 2372 1186 2462 numine,
1209 2371 1330 2461 venti,

337 2487 508 2577 Miscere,
527 2505 562 2559 et
580 2506 694 2561 tantas
713 2488 850 2561 audetis
869 2488 995 2561 tollere
1011 2488 1157 2567 moles?

339 2599 447 2706 Quos
465 2628 531 2700 ego
550 2644 616 2667 -ν-
633 2603 696 2676 sed
712 2622 836 2676 motos
852 2622 1005 2698 praestat
1019 2627 1224 2698 conponere
1243 2601 1380 2681 fluctus.

339 2713 428 2788 Post
444 2718 533 2789 mihi
552 2744 630 2793 non
653 2720 763 2792 simili
780 2743 900 2815 poena
918 2720 1098 2792 conmissa
1118 2719 1231 2791 luetis.

340 2830 514 2905 Maturate
531 2832 676 2933 fugam,
695 2835 840 2933 regique
856 2835 943 2906 haec
962 2833 1067 2905 dicite
1084 2852 1222 2909 vestros

340 2944 429 3016 Non
448 2947 502 3017 illi
523 2950 719 3043 imperium
739 2951 857 3048 pelagi
877 2972 1097 3043 saevumque
1113 2946 1325 3039 tridentem,

340 3058 410 3134 Sed
428 3062 518 3132 mihi
539 3082 631 3135 sorte
651 3064 785 3135 datum.
820 3082 918 3138 tenet
934 3064 996 3134 ille
1015 3062 1173 3138 inmania
1190 3058 1291 3151 sarra,

340 3175 508 3267 Vestras,
528 3179 643 3268 Eure,
664 3180 798 3251 domos
819 3206 827 3249 z
856 3179 917 3250 illa
934 3203 971 3261 se
983 3181 1093 3278 jactet
1111 3179 1149 3253 in
1166 3178 1248 3253 aula

341 3291 497 3382 Aeolus,
518 3311 555 3367 et
573 3295 694 3367 clauso
713 3312 903 3365 ventorum
920 3318 1053 3380 carcere
1071 3311 1201 3392 regnet.

397 3407 454 3481 Sic
474 3410 539 3499 ait,
560 3427 596 3480 et
614 3409 712 3483 dicto
734 3409 837 3483 citius
856 3408 997 3485 tumida
1015 3432 1171 3503 aequora
1190 3409 1329 3503 placat:

341 3523 605 3619 Conlectasque
622 3524 723 3625 fugat
738 3525 878 3616 nubes,
898 3526 1089 3619 solemque
1106 3522 1251 3606 reducit.¹

342 3638 571 3734 Cymothoe,
596 3641 706 3715 simul
725 3658 761 3715 et
780 3639 909 3713 Triton
929 3639 1105 3730 adnixus,
1127 3657 1233 3710 acuto

340 3753 547 3829 Detrudunt
565 3756 665 3830 navis
681 3758 834 3851 scopulo
855 3785 863 3826 r
892 3758 987 3830 levat
1005 3756 1083 3850 ipse
1099 3753 1263 3833 tridentir

342 3868 389 3951 Et
406 3888 520 3942 vastas
539 3872 652 3965 aperit
668 3870 796 3966 Syrtis,
818 3890 854 3945 et
872 3888 1048 3968 temperat
1063 3894 1217 3964 aequor:

341 3984 463 4078 Atque
481 3986 569 4058 rotis
588 4010 747 4063 summas
763 3986 902 4061 levibus
920 3985 1115 4083 perlabitur
1133 3983 1258 4058 undas

343 4098 418 4189 Ac,
441 4101 551 4172 veluti
572 4125 706 4200 magno
727 4101 766 4173 in
785 4102 929 4198 populo
948 4126 1067 4197 quom
1087 4125 1191 4196 saepe
1211 4118 1334 4175 coorta
1353 4120 1406 4179 est

343 4212 504 4307 Seditio,
523 4215 703 4311 saevitque
720 4216 850 4296 animis
869 4216 1030 4317 ignobile
1049 4219 1199 4316 volgum

339 4329 495 4425 Jamque
512 4330 605 4407 faces
624 4353 659 4405 et
677 4330 759 4409 saxa
777 4334 922 4414 volanti
943 4331 1042 4406 furor
1060 4358 1156 4409 arma
1175 4332 1374 4409 ministratz

343 4445 461 4538 Tum,
483 4450 612 4543 pietate
631 4474 772 4547 gravem
792 4474 832 4522 ac
848 4450 983 4523 meritis
1000 4450 1031 4529 si
1049 4447 1141 4522 forte
1159 4449 1278 4523 virum
1299 4470 1412 4543 quem

344 4560 595 4659 Conspexere,
617 4566 744 4649 silent;
765 4564 986 4663 adrectisque
1005 4565 1150 4639 auribus
1167 4563 1326 4637 adstant:
