3750 6217
552 718 999 803 hENEIDos
1057 723 1086 797 1.
1144 751 1177 797 v.
1227 724 1318 818 648.
1456 746 1534 819 133

331 894 432 968 Fene
446 892 577 992 jubet;
607 893 743 987 pallam
768 893 876 989 signis
900 916 1060 984 auroque
1079 892 1275 989 rigentem,

331 1011 378 1083 Et
396 1010 671 1082 circumtextum
690 1031 815 1079 croceo
832 1009 997 1078 velamen
1014 1009 1184 1098 acantho,

332 1127 488 1197 Omatus
508 1123 657 1222 Argivae
675 1122 835 1195 Helenae
861 1151 868 1192 ε
899 1148 994 1216 quos
1018 1123 1079 1194 illa
1098 1123 1283 1219 Mycenis,
1397 1118 1400 1123 ’

333 1241 503 1340 Pergama
524 1264 641 1332 quom
658 1256 817 1333 peteret,
845 1239 1146 1332 inconcessosque
1166 1238 1422 1333 Hymenaeos,

335 1357 534 1444 intulerat,
556 1354 678 1426 matris
697 1353 816 1423 Ledae
835 1353 996 1423 mirabile
1011 1353 1165 1424 donum.

336 1472 514 1543 Praeterea
533 1488 741 1565 sceptrum,
766 1469 885 1539 Ilione
906 1469 1008 1562 quod
1032 1489 1181 1566 gesserat
1205 1471 1320 1561 olim,

336 1586 507 1657 Maxuma
527 1604 691 1658 natarum
713 1582 870 1673 Priami,
898 1586 1070 1677 colloque
1091 1586 1230 1663 monile

337 1701 529 1792 Bacatum‚
556 1721 592 1772 et
614 1700 800 1794 duplicem
823 1699 978 1798 gemmis
999 1726 1160 1795 auroque
1185 1718 1370 1779 coronam:

340 1817 438 1888 Haec
459 1819 638 1905 celerans,
664 1816 728 1886 iter
750 1815 797 1886 ad
817 1817 915 1886 navis
935 1816 1105 1889 tendebat
1124 1816 1282 1889 Achates.

395 1932 444 2004 At
466 1931 638 2027 Cytherea
659 1956 772 2004 novas
793 1949 903 2019 artes,
926 1956 1022 2002 nova
1046 1952 1189 2026 pectore
1209 1950 1322 2005 versat

340 2048 502 2120 Consilia
524 2076 532 2118 z
562 2066 603 2119 ut
622 2044 751 2119 faciem
770 2064 928 2119 mutatus
946 2065 980 2118 et
997 2072 1060 2117 ora
1078 2046 1224 2144 Cupido

340 2166 408 2236 Pro
431 2163 529 2234 dulci
554 2162 715 2235 Ascanio.
729 2164 869 2251 veniat,
892 2163 1073 2255 donisque
1093 2162 1270 2237 furentem

341 2279 515 2353 Incendat
534 2279 719 2377 reginam,
742 2297 850 2373 atque
876 2278 1017 2352 ossibus
1040 2279 1190 2386 inplicet
1213 2281 1344 2378 ignem.

341 2395 492 2501 Quippe
512 2395 669 2465 domurn
689 2395 793 2465 timet
814 2394 1042 2491 ambiguam,
1064 2394 1267 2489 Tyriosque
1286 2394 1468 2497 bilinguis.

340 2510 419 2582 Urit
438 2529 538 2582 atrox
552 2510 675 2602 Juno,
698 2527 734 2580 et
754 2509 820 2580 sub
844 2527 990 2580 noctem
1015 2534 1096 2582 cura
1115 2529 1274 2587 recursat

340 2626 432 2724 Ergo
456 2628 512 2699 his
537 2627 709 2725 aligerum
730 2624 835 2703 dictis
857 2624 995 2696 adfatur
1013 2624 1210 2698 Amoremr

383 2742 513 2832 Nate,
538 2767 639 2813 meae
659 2741 768 2830 vires,
787 2765 868 2811 mea
890 2765 1021 2839 magna
1038 2743 1224 2835 potentia,
1247 2745 1367 2835 solus,

340 2857 454 2946 Nate,
476 2857 586 2951 patris
610 2856 743 2928 summi
763 2857 827 2950 qul
851 2859 919 2927 tela
943 2856 1116 2952 Typhoia
1138 2859 1292 2938 temnis;

342 2971 403 3044 nd
422 2992 459 3044 te
480 2969 679 3068 coniugio,
703 2988 738 3041 et
759 2974 915 3066 supplex
934 2973 1165 3043 tuanumina
1186 2996 1312 3066 posco.

343 3087 461 3158 Frater
482 3105 524 3159 ut
542 3084 681 3169 Aeneas
699 3088 828 3184 pelago
849 3106 932 3159 tuus
954 3088 1078 3158 omnia
1098 3088 1231 3159 circum

344 3201 466 3273 Litora
482 3203 654 3300 jactetur,
679 3199 773 3273 odiis
790 3201 947 3291 junonis
969 3203 1136 3296 iniquae,

344 3317 441 3390 Nota
456 3317 522 3389 tibi
541 3343 549 3383 ε
581 3334 616 3387 et
633 3333 756 3388 nostro
780 3317 928 3390 doluisti
948 3344 1052 3414 saepe
1067 3318 1203 3395 dolore.

344 3432 452 3504 Hunc
471 3432 665 3506 Phoenissa
684 3450 782 3504 tenet
797 3433 917 3523 Dido,
937 3435 1154 3527 blandisque
1171 3455 1333 3509 moratur

342 3547 532 3622 Vocibus:
562 3567 597 3620 et
615 3573 765 3639 vereor,
788 3573 863 3643 quo
885 3574 922 3621 se
935 3549 1096 3639 Junonia
1116 3570 1251 3624 vertant

344 3664 523 3761 Hospitia÷
565 3664 664 3739 haud
683 3683 785 3737 tanto
811 3664 961 3738 cessabit
985 3666 1126 3737 cardine
1146 3691 1273 3739 rerum.

344 3780 525 3886 Quocirca
547 3804 672 3873 capere
693 3798 773 3856 ante
793 3781 912 3871 dolis,
941 3799 976 3854 et
997 3782 1136 3880 cingere
1158 3780 1306 3855 flamma
1396 3766 1403 3785 ’

343 3894 521 3993 Reginam
541 3893 697 3965 meditor
712 3924 721 3974 ς
744 3919 791 3966 ne
816 3922 891 3990 quo
913 3922 951 3970 se
968 3897 1120 3968 numine
1138 3913 1274 3969 mutet:

345 4008 416 4080 Sed
437 3998 581 4105 magno
594 4007 735 4078 Aeneae
750 4034 896 4085 mecum
919 4031 1078 4085 teneatur
1100 4035 1232 4084 amore.

347 4123 432 4228 Qua
452 4120 564 4194 facere
587 4122 627 4193 id
650 4125 795 4216 possis,
822 4146 981 4201 nostram
1006 4146 1103 4206 nunc
1127 4127 1255 4223 adcipe
1277 4144 1462 4201 mentemr

348 4238 482 4338 Regius
498 4238 619 4312 adcitu
636 4239 704 4309 cari
729 4241 897 4339 genitoris
915 4244 962 4315 ad
980 4244 1109 4316 urbem

347 4354 535 4427 Sidoniam
557 4379 647 4450 puer
667 4355 715 4426 ire
735 4375 854 4450 parat;
879 4383 961 4431 mea
983 4384 1153 4431 maxuma
1173 4382 1278 4441 curas

348 4469 456 4542 Dona
476 4470 608 4560 ferens,
629 4473 759 4572 pelago
779 4491 815 4545 et
831 4472 988 4548 flammis
1007 4476 1169 4548 restantia
1187 4475 1347 4551 Troiae.-

349 4584 457 4673 Hunc
477 4612 544 4691 ego
567 4590 729 4687 sopitum
750 4612 907 4682 somno,
932 4615 1038 4687 super
1056 4594 1126 4665 alta
1145 4589 1322 4686 Cythera,
