3750 6217
1163 641 1313 716 ηε
1584 618 2475 716 Aauarnos
2590 640 2649 717 1.
2764 667 2831 718 v.
2934 644 3118 741 4⁸3.

1150 807 1295 879 Ter
1327 806 1594 880 circum
1631 800 1893 882 Iliacos
1930 824 2314 904 raptaverat
2353 806 2659 879 Hectora
2696 828 2946 882 muros
2969 854 2995 901 ,

1151 923 1736 1017 Exanimumque
1774 950 1945 995 auro
1984 947 2243 1017 corpus
2281 922 2635 996 vendebat
2670 922 3003 999 Achilles.

1151 1038 1355 1109 Tum
1388 1065 1555 1111 vero
1597 1040 1958 1137 ingentem
1996 1039 2343 1138 gemitum
2380 1039 2502 1108 dat
2537 1056 2823 1133 pectore
2859 1038 2951 1111 ab
2986 1040 3183 1112 imo:

1153 1153 1251 1225 Ut
1292 1154 1528 1249 spolia
1554 1209 1575 1244 ,
1617 1174 1698 1226 ut
1739 1179 1974 1228 currus
1997 1209 2019 1245 ‚
2048 1168 2293 1247 ‘utque
2336 1146 2580 1248 ipsum
2617 1176 2881 1250 corpus
2920 1155 3181 1245 amici,

1152 1268 1758 1363 Tendentemque
1795 1288 2055 1342 manus
2093 1268 2463 1339 Priamum
2501 1273 2880 1365 conspexit
2912 1269 3233 1343 inermes.

1153 1383 1242 1457 Se
1279 1409 1580 1480 quoque
1619 1384 2065 1480 principibus
2103 1386 2542 1479 pennixmm
2580 1383 2924 1484 adgnovit
2959 1384 3287 1479 Achivis,

1155 1501 1488 1594 ansque
1523 1500 1745 1591 acieS‚
1797 1517 1866 1572 et
1903 1500 2082 1598 nigri
2122 1499 2541 1571 Memnonis
2578 1525 2791 1572 arma.

1154 1614 1378 1690 Ducit
1415 1613 1950 1687 Amazonidum
1986 1615 2250 1688 lunatis
2288 1615 2572 1714 agmina
2607 1614 2821 1711 peltis

1156 1730 1602 1803 Penthesilea
1635 1729 1914 1820 furens,
1964 1731 2370 1824 mediisque
2410 1730 2488 1801 in
2525 1732 2851 1805 millibus
2888 1730 3129 1824 ardet,

1155 1846 1385 1917 Aurea
1415 1836 1843 1919 subnectens
1885 1862 2188 1919 exsertae
2230 1847 2509 1944 cingula
2546 1868 2908 1919 mammae
2931 1902 2955 1941 ,

1159 1961 1494 2033 Bellatrix
1517 2013 1540 2050 ‚
1591 1960 1951 2055 audetque
1987 1962 2151 2033 viris
2191 1978 2598 2033 concurrere
2640 1962 2861 2063 virge.

1271 2076 1467 2148 Haec
1508 2077 1691 2147 dum
1730 2075 2095 2148 Dardanio
2135 2077 2416 2147 Aeneae
2453 2069 2778 2149 miranda
2808 2078 3181 2169 videntur,

1156 2188 1364 2265 Dum
1400 2205 1678 2286 stupet,
1725 2192 2130 2287 obtutuque
2168 2194 2401 2264 haeret
2431 2192 2704 2266 defixus
2740 2195 2817 2265 in
2849 2218 3034 2273 uno;

1155 2305 1427 2407 Regina
1466 2300 1559 2377 ad
1594 2308 1956 2402 templum
1982 2362 2003 2398 ,
2048 2299 2279 2378 forma
2318 2308 2786 2402 pulcherrima
2814 2355 2836 2398 ,
2874 2306 3071 2381 Dido

1156 2423 1457 2495 Incessit
1478 2477 1500 2512 ‚
1540 2446 1801 2520 magna
1827 2425 2180 2521 juvenum
2218 2424 2520 2519 stipante
2559 2441 2843 2495 caterva.

1158 2536 1421 2645 Qualis
1459 2539 1536 2608 in
1579 2536 1882 2609 Eurotae
1917 2538 2091 2632 ripis
2121 2592 2142 2628 ,
2183 2555 2305 2608 aut
2342 2562 2469 2632 per
2495 2542 2669 2638 juga
2708 2537 2975 2634 Cynthi

1159 2654 1451 2726 Exercet
1491 2652 1719 2723 Diana
1760 2653 2017 2726 choros
2039 2708 2059 2743 ,
2104 2670 2325 2747 quam
2361 2649 2565 2726 mille
2604 2670 2879 2727 secutae

1159 2768 1352 2841 Hinc
1393 2785 1608 2862 atque
1638 2768 1806 2840 hinc
1845 2770 2328 2867 glomerantur
2365 2769 2722 2851 Oreades;
2775 2765 2897 2840 illa
2937 2769 3337 2864 pharetram

1158 2882 1319 2957 Fert
1349 2881 1650 2956 humero
1669 2937 1692 2972 ‚
1727 2884 2191 2982 gradiensque
2220 2884 2385 2957 deas
2419 2884 2898 2980 supereminet
2937 2885 3219 2959 omnisx

1163 3001 1479 3072 Latonae
1517 2999 1812 3072 tacitum
1855 3012 2255 3094 pertentant
2294 3000 2550 3099 gaudia
2591 3017 2861 3094 pectus.

1160 3111 1362 3187 Talis
1395 3132 1537 3187 erat
1571 3112 1769 3185 Dido
1807 3143 1823 3183 ι
1883 3117 2101 3186 talem
2143 3140 2216 3187 se
2251 3117 2429 3187 laeta
2470 3112 2734 3186 ferebat

1161 3230 1293 3302 Per
1329 3230 1615 3301 medios
1639 3282 1660 3318 ,
1701 3229 1970 3301 instans
2011 3231 2209 3323 operi
2248 3231 2622 3328 regnisque
2658 3222 2930 3303 futuris.

1161 3345 1362 3416 Tum
1403 3342 1679 3415 foribus
1718 3343 1958 3432 divae,
2005 3344 2245 3414 media
2279 3346 2634 3417 testudine
2663 3346 2959 3439 templi,

1160 3458 1373 3555 Septa
1409 3457 1618 3530 armis
1644 3512 1665 3547 ‚
1707 3452 2040 3551 solioque
2079 3461 2219 3531 alte
2259 3459 2565 3531 subnixa
2600 3456 2872 3532 resedit⁴

1152 3575 1323 3665 Jura
1360 3572 1575 3646 dabat
1607 3575 1944 3671 legesque
1974 3573 2141 3645 viris
2187 3603 2204 3642 ε
2264 3593 2715 3669 operumque
2756 3574 3077 3648 laborem

1163 3689 1482 3762 Partibus
1521 3687 1872 3783 aequabat
1900 3688 2110 3786 justis
2132 3737 2153 3778 ,
2203 3708 2324 3761 aut
2360 3708 2546 3762 sorte
2582 3689 2943 3763 trahebatt

1164 3804 1422 3911 Quom
1462 3805 1704 3877 subito
1746 3802 2019 3875 Aeneas
2054 3821 2405 3876 concursu
2442 3804 2778 3877 adcedere
2812 3829 3080 3905 magno
