3750 6217
334 797 414 874 tot
530 769 980 850 Aruernos
1035 770 1119 853 tv,
1177 798 1210 844 v.
1261 769 1355 862 653.

326 938 452 1030 Felix,
473 939 547 1011 heu
564 937 724 1010 nimium
742 938 852 1029 felix,
869 938 900 1012 si
918 940 1022 1012 litora
1040 956 1186 1011 tantum

326 1053 543 1150 Numquam
563 1052 763 1138 Dardaniae
781 1056 980 1155 tetigissent
997 1073 1118 1130 nostra
1137 1053 1302 1125 carinae!

386 1171 489 1245 Dixit
513 1201 522 1237 ε
551 1187 609 1257 et,
632 1193 675 1240 os
693 1171 851 1266 inpressa
869 1188 975 1260 toro,
1000 1169 1200 1244 Moriemur
1218 1168 1377 1257 inultae,

330 1283 398 1368 Sed
419 1285 639 1373 moriamur,
657 1287 715 1358 ait
756 1287 829 1374 sic,
851 1286 900 1360 sic
914 1289 1016 1384 juvat
1035 1285 1083 1367 ire
1104 1285 1172 1357 mh
1191 1281 1346 1360 umbra

201 1415 206 1420 ’
328 1400 479 1486 Hauriat
496 1401 594 1473 hunc
615 1403 731 1479 oculis
747 1402 869 1500 iguem
886 1399 1042 1472 crudelis
1060 1400 1107 1470 ab
1126 1403 1203 1472 alto

328 1514 542 1605 Dardanus,
560 1535 596 1600 et
614 1536 755 1589 nostrae
774 1541 896 1589 secum
917 1514 1004 1593 ferat
1023 1518 1151 1588 omina
1170 1514 1308 1599 mortis,

331 1631 479 1706 Dixerat
499 1659 509 1717 ι,
536 1649 646 1725 atque
663 1633 765 1702 illam
785 1632 945 1701 mediam
965 1632 1054 1703 inter
1072 1633 1156 1703 talia
1175 1630 1269 1702 ferro

333 1745 557 1818 Conlabsam
576 1746 779 1841 adspiciunt
797 1747 972 1835 comites,
994 1771 1193 1841 ensemque
1209 1767 1335 1826 cruore

333 1860 596 1957 Spumantem,
624 1886 832 1957 sparsasque
849 1885 989 1936 manus.
1030 1862 1059 1933 it
1077 1865 1216 1944 clamor
1233 1859 1280 1931 ad
1299 1860 1372 1943 alta

332 1979 432 2060 Atria
455 2005 465 2054 t
493 2002 708 2054 concussam
725 1977 913 2048 bacchatur
931 1974 1027 2053 lama
1047 2002 1113 2073 per
1131 1976 1268 2053 urbem.

331 2094 541 2181 Lamentis,
563 2094 792 2191 gemituque,
814 2110 850 2162 et
867 2090 1026 2169 femineo
1048 2094 1188 2165 ululatu

333 2211 447 2282 Tecta
467 2207 623 2289 fremunt
642 2235 651 2275 t
680 2224 822 2281 resonat
838 2209 980 2307 magnis
996 2207 1232 2306 plangoribus
1248 2205 1366 2279 aether
1381 2229 1392 2286 a

335 2326 427 2398 Non
445 2325 564 2412 aliter,
585 2345 695 2416 quam
715 2324 745 2394 si
763 2322 919 2393 inmissis
939 2343 1016 2395 ruat
1034 2323 1198 2397 hostibus
1217 2323 1341 2395 omnis

336 2438 535 2537 Carthago,
558 2456 620 2518 aut
633 2440 780 2531 antiqua
798 2436 943 2531 Tyrose
969 2436 1213 2532 flammaeque
1230 2436 1387 2510 furentes

338 2555 512 2627 Culmina
531 2578 667 2648 perque
686 2553 880 2630 hominum
899 2556 1090 2627 volvantur
1108 2577 1244 2648 perque
1264 2552 1428 2630 deorum.

338 2670 467 2749 Audiit
485 2668 678 2757 exanimis,
696 2668 914 2763 trepidoque
933 2671 1095 2743 exterrita
1114 2693 1239 2758 cursu,

337 2784 529 2885 Unguibus
549 2808 609 2862 ora
629 2808 730 2855 soror
746 2781 914 2873 foedans,
936 2802 972 2856 et
991 2803 1135 2880 pectora
1153 2784 1312 2884 pugnis,

339 2903 408 2978 Per
426 2899 568 2970 medios
586 2899 673 2987 ruit,
692 2924 733 2969 ac
751 2899 969 2970 morientem
988 2902 1139 2972 nomine
1158 2902 1313 2972 clamat:

396 3016 509 3104 bloet*
531 3014 645 3103 illud,
666 3037 852 3112 germana,
873 3013 943 3087 fuit
966 3016 983 3085 ?
1012 3040 1073 3087 me
1092 3014 1214 3086 fraude
1233 3012 1407 3109 petebas?

338 3134 422 3207 Hoc
441 3151 548 3229 rogus
567 3131 632 3201 iste
650 3130 763 3218 mihi,
784 3129 885 3210 hoec*
904 3131 1004 3229 ignes
1021 3155 1171 3225 araeque
1189 3128 1397 3226 parabant?

340 3247 444 3354 Quid
463 3247 624 3340 primum
644 3244 779 3315 deserta
797 3269 922 3337 querar
946 3247 964 3316 9-
992 3246 1213 3321 comitemne
1231 3265 1394 3317 sororem

340 3361 509 3456 Sprevisti
528 3362 689 3445 moriens
712 3360 728 3445 1
757 3360 883 3432 eadem
902 3384 963 3432 me
982 3361 1029 3431 ad
1048 3359 1118 3436 fata
1137 3384 1321 3443 vocasses:¹

341 3477 449 3550 Idem
468 3475 592 3547 ambas
611 3473 701 3558 lerro
721 3474 846 3563 dolor,
869 3493 977 3569 atque
997 3475 1125 3552 eadem
1142 3475 1230 3546 hora
1248 3475 1398 3550 tul‘uset.

342 3592 411 3681 His
431 3591 537 3665 etiam
558 3590 668 3661 smrxi
687 3589 872 3680 manibus,
890 3592 1099 3685 patriosque
1114 3590 1239 3662 vocavi

342 3706 447 3781 Voce
465 3705 573 3793 deos,
594 3706 646 3778 sic
664 3722 702 3777 te
719 3723 759 3777 ut
777 3706 895 3801 posita
914 3707 1068 3781 crudelis
1086 3704 1276 3779 abessem?

342 3821 523 3910 Exstinxti
542 3844 578 3896 te
594 3845 750 3915 meque,
771 3845 899 3911 soror,
921 3823 1203 3917 populumque,
1222 3838 1411 3916 patresque

343 3938 535 4026 Sidonios,
561 3936 765 4031 urbemque
782 3955 893 4009 tuam.
933 3938 1016 4009 date
1033 3939 1179 4009 volnera
1201 3937 1391 4032 lymphis,

344 4052 524 4141 Abluam,
549 4072 610 4141 et,
636 4071 815 4133 extremus
835 4054 863 4125 si
885 4054 968 4147 quis
984 4077 1090 4149 supet
1107 4053 1237 4127 lulitus
1256 4073 1368 4146 euat,

345 4169 419 4240 Ore
438 4170 565 4264 legam
607 4167 655 4240 sic
675 4166 745 4239 lata
763 4169 890 4268 gradus
910 4188 1064 4254 evaserat
1083 4172 1201 4259 altos,

346 4282 677 4376 semianimemque
695 4285 776 4363 sinu
795 4307 1003 4384 germanam
1020 4287 1186 4382 amplexa
1204 4282 1351 4358 fovebat

346 4396 445 4485 Cum
464 4399 617 4496 gemitu,
639 4418 747 4494 atque
764 4418 859 4480 atros
875 4400 1027 4472 siccabat
1044 4419 1141 4472 veste
1160 4421 1309 4473 cruores.

346 4514 439 4602 Illa,
464 4515 575 4610 gravis
594 4516 721 4586 oculos
739 4534 866 4587 comta
886 4513 1079 4602 adtollere,
1101 4533 1220 4585 rursus

348 4627 490 4720 Deficit,
524 4630 679 4720 infixum
697 4629 813 4718 stridit
829 4628 899 4717 sub
915 4646 1060 4742 pectore
1079 4628 1226 4719 volnut,

113 5175 393 5703 7,
