3750 6217
397 693 924 806 GEORGICON
984 696 1006 768 Ῐ
1071 720 1105 771 v.
1163 720 1252 793 193·
1379 718 1490 795 47,

221 859 367 933 Semina
385 857 461 929 vidi
483 858 655 953 equidem
679 863 817 933 multos
835 860 1015 932 medicare
1030 879 1205 951 serentes,

220 977 268 1050 Et
286 977 381 1047 nitro
406 972 529 1069 prius,
557 993 592 1045 et
616 977 713 1074 nigra
738 972 950 1069 perfundere
970 1000 1136 1063 amurca,

222 1089 403 1164 Grandior
427 1106 467 1160 ut
490 1087 583 1161 fetus
609 1091 751 1183 siliquis
770 1088 956 1163 fallacibus
975 1110 1073 1164 esset
1093 1096 1095 1101 '

221 1207 291 1296 At,
319 1204 485 1300 quamvis
511 1205 585 1304 igni
605 1206 737 1303 exiguo
758 1222 944 1298 properata
964 1205 1170 1296 maderent,

221 1321 312 1393 Vidi
333 1323 425 1392 lecta
445 1317 532 1409 diu,
560 1338 596 1394 et
614 1322 734 1393 molto
756 1336 910 1412 spectata
930 1320 1073 1411 labore,

221 1435 442 1534 Degenerare
462 1452 610 1507 tamen:
640 1435 678 1505 ni
697 1435 751 1506 vis
770 1434 930 1505 humana
948 1454 1041 1529 quot
1061 1436 1164 1507 annis

222 1551 398 1625 Maxuma
423 1574 590 1644 quaeque
615 1573 727 1622 manu
753 1551 881 1647 legeret
901 1578 908 1618 r
939 1550 989 1621 sic
1010 1550 1135 1621 omnia
1153 1548 1234 1621 fatis

221 1665 268 1737 ln
288 1668 391 1764 pejus
410 1689 533 1755 ruere,
557 1688 599 1738 ac
617 1684 707 1737 retro
729 1663 896 1737 sublabsa
914 1664 1040 1736 referri.

221 1780 311 1852 Non
331 1782 451 1869 aliter,
482 1805 595 1874 quam
620 1780 685 1875 qui
706 1778 852 1853 adverso
872 1781 934 1851 vix
954 1779 1106 1851 flumine
1127 1778 1295 1851 lembum

222 1893 396 1993 Remigiis
421 1895 586 1994 subigit,
618 1897 647 1968 si
666 1894 807 1966 brachia
831 1893 922 1967 forte
942 1895 1099 1984 remisit,

221 2007 344 2105 Atque
365 2010 528 2081 illumin
547 2036 716 2107 praeceps
736 2034 855 2105 prono
875 2011 970 2105 rapit
987 2011 1109 2082 alveus
1129 2009 1238 2081 amni.

281 2126 460 2197 Praeterea
477 2145 553 2197 tam
572 2146 654 2198 sunt
672 2125 809 2200 Arcturi
833 2125 945 2197 sidera
966 2123 1098 2214 nobis,

220 2240 506 2334 Haedonrmque
526 2242 602 2314 dies
624 2240 811 2330 servandi,
840 2259 875 2313 et
897 2240 1041 2313 lucidus
1059 2239 1216 2339 Anguis,

224 2354 350 2460 Quam
371 2356 505 2451 quibus
525 2359 563 2427 in
584 2358 735 2452 patriam
754 2375 903 2428 ventosa
928 2382 993 2452 per
1016 2380 1171 2449 aequora
1192 2354 1302 2428 vectis

223 2469 363 2543 Pontus
385 2490 421 2542 et
445 2470 593 2543 ostriferi
618 2472 736 2544 fauces
758 2490 941 2542 tentantur
963 2470 1094 2566 Abydi.

222 2584 329 2657 Libra
349 2585 408 2658 die
427 2589 626 2682 somnique
645 2612 747 2684 pares
765 2587 828 2657 ubi
851 2584 971 2658 fecerit
989 2587 1118 2677 horas,

223 2699 270 2773 Et
290 2701 454 2773 medium
475 2705 547 2775 luci
568 2723 677 2798 atque
696 2702 834 2774 umbris
848 2705 925 2800 jam
948 2702 1077 2773 dividit
1098 2699 1244 2781 orbemr

223 2813 418 2906 Exercete,
447 2818 540 2907 viri,
569 2837 719 2906 tauros,
752 2815 854 2888 serite
878 2816 1012 2887 hordea
1032 2817 1194 2908 campis,

223 2927 348 3024 Usque
374 2931 442 3002 sub
462 2950 663 3003 extremum
684 2931 833 3001 brumae
857 2929 1089 3002 intractabilis
1111 2929 1277 3001 imbrem.

223 3043 302 3116 Nec
322 3069 399 3116 non
419 3063 456 3117 et
474 3046 543 3115 lini
564 3065 738 3144 segetem,
762 3063 798 3113 et
817 3042 961 3114 Cereale
982 3067 1159 3138 papaver,

223 3158 395 3253 Tempus
411 3159 527 3230 humo
548 3178 685 3257 tegere,
711 3178 748 3231 et
762 3158 983 3256 jamdudum
1003 3158 1211 3229 incumbere
1223 3156 1358 3230 rastrisr

224 3272 328 3345 Dum
351 3274 441 3345 sicca
459 3275 586 3345 tellure
606 3276 714 3366 licet,
746 3274 838 3345 dum
860 3274 985 3345 nubila
1004 3271 1174 3370 pendent.

223 3387 319 3460 Vere
338 3387 430 3460 fabis
449 3389 538 3460 satio
559 3417 567 3458 r
597 3409 679 3462 tum
697 3408 733 3461 te
754 3413 929 3483 quoque,
949 3389 1118 3477 Medica,
1143 3406 1266 3483 putres

224 3501 424 3598 Adcipiunt
451 3505 567 3594 sulci,
601 3513 636 3578 'et
663 3506 769 3577 milio
792 3505 891 3577 venit
913 3530 1032 3576 annua
1058 3529 1158 3582 cura;

222 3617 408 3691 Candidus
427 3621 559 3692 auratis
578 3620 690 3715 aperit
710 3645 828 3717 quom
847 3621 1016 3693 cornibus
1033 3644 1172 3691 annum

221 3734 390 3823 Taurus,
418 3752 453 3805 et
478 3761 600 3808 averso
623 3735 753 3808 cedens
774 3734 884 3808 Canis
902 3735 1037 3808 occidit
1055 3751 1159 3807 astro.

222 3846 271 3927 At
291 3850 319 3920 si
339 3850 512 3921 triticeam
537 3852 576 3921 in
595 3876 750 3923 messem
769 3849 990 3946 robustaque
1010 3850 1097 3921 fana

223 3957 411 4035 Exercebis
436 3964 614 4055 humum,
638 3966 799 4061 solisque
826 3966 973 4040 instabis
997 3965 1108 4038 aristis
1121 3989 1137 4043 t

223 4076 319 4149 Ante
346 4079 414 4150 tibi
438 4104 526 4153 eoae
549 4078 755 4155 Atlantides
761 4070 1059 4172 abscondantur,

223 4193 436 4287 Gnosiaque
461 4194 616 4269 ardentis
642 4184 790 4270 decedat
819 4200 923 4283 stella
945 4197 1133 4286 Coronae,

224 4308 354 4380 Debita
379 4334 492 4404 quam
517 4312 623 4384 sulcis
648 4315 841 4385 conmittes
866 4314 1028 4403 semina,
1056 4335 1244 4406 quamque

224 4422 366 4495 Invitae
386 4451 556 4521 properes
581 4428 666 4499 anni
688 4453 792 4524 spem
811 4429 950 4501 credere
970 4447 1088 4501 terrae.

224 4536 333 4611 Multi
358 4560 440 4614 ante
464 4567 631 4617 occasum
657 4544 776 4617 Maiae
800 4570 981 4641 coepere:
1012 4543 1075 4617 sed
1093 4543 1180 4617 illos
