3750 6217
427 807 432 814 Ι
537 707 989 800 AENEIDOS
1046 717 1188 792 X.·v.
1233 741 1329 812 424.

325 869 487 955 'Arcadio
509 882 637 954 infelix
653 888 728 957 telo
749 884 811 983 dat
827 903 954 980 pectus
972 885 1162 956 inermum.

389 999 436 1070 At
455 1021 534 1070 non
552 1002 659 1072 caede
678 1003 742 1072 viri
760 1020 855 1071 tanta
874 1004 1054 1095 perterrita
1077 1001 1236 1087 Lausus,
1342 986 1345 992 ¹

330 1116 414 1185 Pars
440 1116 565 1212 ingens
584 1116 691 1207 belli,
714 1118 799 1191 sinit
816 1117 958 1214 agmina
981 1144 988 1184 :
1018 1117 1159 1210 primus
1176 1113 1356 1185 Abantem

331 1231 560 1325 Oppositum
579 1232 776 1321 interimit,
797 1257 941 1331 pugnae
962 1233 1178 1324 nodumque
1196 1255 1422 1323 moramque.

331 1345 503 1417 Sternitur
522 1345 692 1417 Arcadiae
710 1349 854 1443 proles;
879 1365 1082 1420 sternuntur
1102 1346 1262 1425 Etrusci;

332 1461 378 1532 Et
394 1486 483 1549 vos,
508 1486 530 1533 o
554 1460 668 1534 Graiis
688 1463 865 1557 inperdita
885 1487 1060 1558 corpora,
1083 1461 1223 1532 Teucri.

331 1574 487 1675 Agmina
508 1597 725 1649 concununt
745 1576 974 1673 ducibusque
994 1597 1030 1650 et
1048 1576 1182 1648 viribus
1200 1576 1333 1672 aequis.

333 1691 493 1763 Extremi
513 1683 713 1765 addensent
732 1693 824 1765 acies
849 1721 856 1762 ε
887 1718 954 1766 nec
973 1693 1076 1766 turba
1095 1693 1235 1763 moveri

333 1807 424 1878 Tela
444 1832 648 1901 manusque
666 1796 761 1881 sinit.
802 1808 886 1880 hinc
907 1810 1022 1882 Pallas
1043 1810 1151 1881 instat
1169 1826 1204 1878 et
1223 1824 1346 1904 urget,

333 1923 430 1993 Hinc
449 1944 571 1994 contra
591 1924 750 2014 Lausus,
775 1949 841 1996 nec
860 1928 1022 1998 multum
1042 1918 1218 2018 discrepat
1235 1941 1355 2014 aetas,

333 2039 472 2138 Egregii
491 2038 631 2118 formu
659 2039 721 2112 sed
740 2042 823 2134 quis
842 2039 999 2112 Fortuna
1019 2059 1161 2141 negarat

333 2155 379 2223 In
398 2157 550 2248 patriam
571 2155 716 2228 reditus.
754 2156 854 2250 ipsos
875 2177 1080 2229 concurrere
1099 2178 1225 2250 passus

333 2268 441 2340 Haud
461 2289 583 2340 tamen
603 2272 694 2342 inter
714 2295 750 2344 se
769 2273 893 2370 magni
911 2291 1076 2370 regnator
1096 2270 1274 2365 Olympi:

334 2386 428 2456 Mox
446 2387 529 2458 illos
550 2411 612 2456 sua
632 2385 701 2458 lata
721 2403 870 2456 manent
884 2389 1020 2483 majore
1040 2387 1108 2458 sub
1127 2387 1241 2457 hoste.

396 2502 534 2573 Interea
554 2527 654 2573 soror
668 2503 764 2571 alma
784 2519 912 2570 monet
930 2525 1125 2571 succurrere
1144 2499 1263 2571 Lauso

332 2615 527 2696 Tumum;
550 2618 615 2709 qui
631 2617 769 2686 volucri
789 2641 890 2688 curru
909 2615 1078 2687 medium
1097 2634 1190 2687 secat
1209 2633 1349 2713 agmen.

336 2730 383 2801 Ut
400 2730 492 2801 vidit
511 2733 631 2803 socios
653 2760 661 2800 ε
690 2730 857 2826 Tempus
877 2731 1043 2803 desistere
1062 2754 1215 2826 pugnae.
1297 2745 1299 2749 ‘

336 2844 443 2916 Solus
461 2871 529 2942 ego
554 2846 594 2914 in
614 2835 772 2916 Pallanta
788 2845 903 2924 feror:
925 2841 994 2917 soli
1012 2845 1104 2916 mihi
1123 2836 1239 2915 Pallas

337 2961 518 3031 Debetur:
549 2984 718 3055 cuperem
737 2959 813 3054 ipse
830 2985 959 3055 parens
978 2977 1156 3054 spectator
1175 2959 1322 3032 adesset.

337 3076 432 3146 Haec
454 3077 502 3146 ait
520 3107 528 3154 ;
555 3095 589 3147 et
610 3067 698 3146 socii
719 3093 899 3147 cesserunt
916 3100 1071 3167 aequore
1086 3077 1199 3172 jusso.

336 3191 383 3260 At
401 3191 579 3262 Rutulum
599 3190 766 3262 abscessu
778 3191 923 3289 juvenis
941 3207 1021 3259 tum
1036 3194 1134 3288 jussa
1155 3188 1305 3283 superba

336 3307 507 3396 Miratus,
531 3326 652 3401 stupet
671 3307 708 3377 in
727 3306 880 3395 Turno,
899 3329 1105 3401 corpusque
1123 3330 1188 3400 per
1207 3305 1336 3402 ingens

336 3422 493 3492 Lumina
512 3423 627 3494 volvit
647 3477 658 3511 ‚
678 3413 832 3516 obitque
850 3423 939 3493 truci
957 3420 1085 3516 procul
1107 3420 1232 3491 omnia
1248 3421 1337 3491 visu.

336 3535 489 3610 Talibus
510 3556 545 3609 et
566 3536 669 3610 dictis
687 3539 715 3609 it
734 3554 859 3609 contra
879 3537 975 3609 dicta
992 3537 1133 3632 tyranni
1149 3552 1157 3605 t

336 3653 409 3724 Aut
430 3655 558 3747 spoliis
579 3669 647 3753 e'go
663 3657 742 3756 jam
762 3654 871 3748 raptis
891 3649 1066 3724 laudabor
1083 3649 1241 3746 opimis,

337 3767 411 3838 Aut
429 3771 501 3839 leto
524 3770 668 3868 insigni.
709 3770 795 3841 sorti
816 3787 915 3862 pater
931 3792 1070 3862 aequus
1088 3768 1231 3859 utrique
1250 3784 1312 3838 est.

336 3881 446 3952 Tolle
466 3883 593 3956 minas.
632 3884 725 3957 fatus
745 3879 912 3954 medium
933 3881 1098 3978 procedit
1117 3881 1155 3952 in
1175 3904 1320 3975 aequor.

339 3995 502 4094 Frigidus
523 3995 720 4070 Arcadibus
741 4000 814 4071 coit
834 4000 872 4069 in
892 3997 1100 4094 praecordia
1118 3997 1271 4095 sanguis.

339 4109 494 4183 Desiluit
511 4111 658 4183 Turnus
678 4113 810 4213 bijugis
834 4141 843 4182 ι
872 4114 985 4209 pedes
1003 4113 1149 4207 adparat
1167 4114 1217 4182 ire

338 4224 570 4297 Comminus.
609 4244 721 4320 utque
742 4230 821 4317 leo,
842 4231 990 4324 specula
1009 4252 1125 4323 quom
1145 4227 1237 4299 vidit
1254 4227 1299 4298 ab
1319 4230 1388 4302 alta

337 4339 433 4412 Stare
453 4344 581 4437 procul
601 4344 741 4437 campis
757 4344 996 4417 meditantem
1017 4346 1056 4414 in
1073 4344 1211 4439 proelia
1227 4362 1399 4439 taurum,

337 4457 516 4537 Advolat;
540 4459 637 4529 haud
656 4460 724 4528 alia
744 4477 796 4530 est
815 4458 932 4530 Turni
951 4460 1129 4531 venientis
1149 4461 1280 4556 image.

337 4571 448 4646 Hunc
467 4570 532 4645 ubi
549 4575 765 4675 contiguum
785 4575 913 4649 missae
931 4573 1009 4649 sore
1029 4571 1180 4648 credidit
1196 4576 1338 4668 hastae,

1199 4689 1273 4761 Xx
1305 4715 1325 4766 a

1468 739 1544 815 347
