3750 6217
737 724 884 788 152
1108 694 1996 771 AENEIDos
2113 694 2232 765 11.
2350 702 2417 763 e.
2530 714 2757 789 ωσι

727 864 956 935 Instat
993 864 1063 933 vi
1105 864 1320 957 patria
1363 864 1666 958 Pyrtlius
1703 892 1716 928 :
1767 884 1897 933 nec
1940 858 2229 930 claustra
2257 916 2280 951 ‚
2322 870 2586 949 neque
2632 856 2799 951 ipsi

731 978 1087 1052 Custodes
1127 976 1400 1049 sufferre
1443 980 1701 1049 valent.
1787 976 1975 1047 labat
2012 976 2222 1045 ariete
2260 974 2509 1047 crebro

721 1095 987 1183 janua,
1033 1111 1100 1165 et
1137 1094 1358 1164 emoti
1397 1092 1891 1189 procumbunt
1929 1091 2209 1161 cardine
2248 1108 2517 1187 postes.

735 1210 792 1281 F
797 1212 854 1281 it
889 1210 1002 1279 via
1037 1209 1106 1278 vi
1155 1238 1170 1278 ε
1229 1228 1580 1305 rumpunt
1620 1208 1852 1279 aditus
1878 1262 1898 1296 ,
1942 1208 2365 1301 primosque
2398 1202 2809 1277 trucidant

731 1324 1022 1395 Inmissi
1067 1324 1336 1413 Danai,
1384 1349 1453 1397 et
1492 1326 1628 1394 late
1669 1326 1826 1394 loca
1863 1324 2095 1392 milite
2138 1324 2507 1416 conplent.

729 1438 906 1511 Non
941 1440 1036 1509 sic
1065 1494 1084 1527 ,
1128 1440 1496 1537 aggeribus
1534 1441 1758 1532 ruptis
1795 1464 2026 1533 quom
2070 1460 2413 1533 spumeus
2454 1436 2723 1509 amnis

731 1555 960 1643 Exiit,
1007 1556 1524 1651 oppositasque
1565 1554 1772 1626 evicit
1807 1554 2077 1651 gurgite
2118 1556 2396 1643 moleS,

729 1660 976 1741 Fertur
1015 1670 1089 1739 in
1127 1688 1286 1741 arva
1321 1670 1559 1742 furens
1595 1671 1889 1739 cumulo
1916 1723 1936 1757 ,
1995 1690 2441 1764 camposque
2479 1690 2627 1759 per
2674 1672 2959 1743 omnis

735 1784 926 1856 Cum
971 1784 1268 1857 stabulis
1304 1804 1620 1857 armenta
1655 1786 1879 1855 trahit.
1962 1785 2113 1855 vidi
2159 1786 2306 1877 ipse
2348 1782 2733 1853 furentem

735 1900 974 1971 Caede
1015 1900 1592 1997 Neoptolemum
1618 1956 1639 1989 ,
1685 1902 2158 1998 geminosque
2194 1900 2268 1968 in
2310 1896 2569 1967 limine
2612 1897 2941 1973 Atridas
2984 1932 2999 1971 :

735 2014 914 2086 Vidi
955 2016 1368 2107 Hecubam,
1411 2037 1851 2109 centumque
1894 2041 2110 2087 nurus
2136 2071 2156 2103 ‚
2208 2014 2755 2105 Priamumque
2800 2042 2949 2111 per
2986 2042 3123 2093 aras

735 2128 1094 2229 Sanguine
1133 2129 1550 2203 foedantem
1575 2185 1595 2219 ‚
1644 2156 1835 2223 quos
1875 2134 2025 2227 ipse
2066 2146 2471 2215 sacraverat,
2517 2126 2753 2223 ignis.

739 2244 1292 2349 Quinquaginta
1337 2248 1441 2317 illi
1477 2247 1812 2333 thalami,
1858 2268 2018 2341 spes
2053 2266 2245 2317 tanta
2286 2260 2663 2336 nepotum
2690 2296 2715 2333 ,

739 2360 1108 2431 Barbarico
1147 2380 1390 2457 postes
1431 2384 1602 2433 auro
1644 2362 2043 2455 spoliisque
2084 2360 2365 2453 superbi

741 2476 1210 2547 Procubuerea
1287 2482 1534 2549 tenent
1575 2476 1852 2565 Danai,
1908 2500 2048 2569 qua
2102 2474 2340 2545 deficit
2378 2473 2577 2571 ignis.

855 2590 1179 2662 Forsitan
1220 2611 1329 2683 et·‚
1372 2592 1633 2663 Priami
1667 2590 1928 2662 fuerint
1966 2616 2147 2685 quae
2188 2590 2320 2661 sata
2350 2644 2369 2677 ,
2410 2588 2765 2681 requiras·

742 2705 954 2777 Urbis
992 2707 1096 2776 uti
1136 2729 1380 2803 captae
1421 2732 1664 2779 casum
1688 2762 1709 2795 ,
1757 2708 2249 2799 convolsaque
2288 2704 2467 2775 vidit

745 2818 1036 2893 Limina
1077 2840 1426 2894 tectorum
1454 2878 1474 2910 ‚
1517 2843 1588 2894 et
1625 2822 1951 2893 medium
1992 2822 2066 2891 in
2102 2818 2585 2915 penetralibus
2624 2820 3001 2909 hostem;

747 2935 964 3008 Arma
1001 2936 1127 3008 diu
1169 2940 1403 3009 senior
1443 2938 1729 3011 desueta
1768 2935 2240 3009 trementibus
2278 2960 2452 3005 aevo

747 3050 1166 3124 Circumdat
1205 3055 1704 3147 nequidquam
1745 3054 2059 3123 humeris
2085 3106 2106 3139 ,
2154 3072 2221 3123 et
2264 3052 2515 3121 inutile
2552 3048 2849 3125 serrum

751 3166 1076 3265 Cingitur
1101 3222 1122 3257 ,
1169 3194 1248 3239 ac
1288 3170 1550 3241 'densos
1591 3168 1802 3240 fertur
1840 3169 2227 3238 moriturus
2266 3168 2338 3237 in
2377 3166 2619 3236 hostis.

863 3280 1183 3352 Aedibus
1225 3284 1298 3351 in
1339 3283 1598 3354 mediis
1623 3336 1643 3370 ‚
1691 3283 2040 3375 nudoque
2081 3282 2216 3353 sub
2252 3280 2539 3353 aetheris
2576 3304 2713 3353 axe
2738 3332 2767 3372 ,

752 3396 1015 3489 Ingens
1055 3420 1164 3463 ara
1203 3393 1336 3468 suit
1364 3424 1380 3473 ;
1413 3399 1766 3495 juxtaque
1805 3398 2167 3467 veterrima
2212 3399 2443 3467 laurus

752 3505 1193 3578 Incumbens
1233 3534 1429 3597 arae,
1477 3532 1694 3603 atque
1730 3510 1982 3581 umbra
2030 3515 2383 3606 conplexa
2426 3510 2731 3582 Penatis,

753 3615 897 3691 Hic
937 3622 1235 3692 Hecuba
1275 3643 1344 3693 et
1385 3644 1588 3696 natae
1629 3626 2129 3717 nequidquam
2167 3627 2405 3699 altaria
2440 3625 2703 3695 circum
2732 3678 2757 3715 ‚

757 3736 1176 3832 Praecipites
1211 3758 1354 3809 atra
1394 3763 1522 3809 ceu
1557 3758 1979 3832 tempestate
2020 3742 2402 3812 columbae
2428 3796 2447 3829 ,

757 3852 1181 3926 Condfflsae
1217 3910 1237 3942 ᾖ
1285 3874 1353 3926 et
1393 3852 1634 3922 divam
1681 3856 2050 3946 atriplexae
2094 3857 2462 3951 simulacra
2510 3848 2882 3930 sedebant*
