3750 6217
756 890 3067 1157 GEORGICON

1155 1273 1705 1360 LIBER
1820 1270 2674 1359 TERTIUS.

706 1575 856 1646 TE
909 1594 1211 1667 quoque
1237 1624 1259 1660 ‚
1301 1594 1561 1668 magna
1602 1569 1805 1640 Pales
1832 1622 1851 1657 ‚
1905 1586 1976 1637 et
2009 1585 2079 1637 te
2118 1567 2588 1638 memorande
2629 1592 2977 1642 canemus
3024 1610 3031 1617 ·

704 1691 954 1762 Pastor
992 1687 1084 1758 ab
1123 1685 1533 1780 Amphryso
1575 1714 1589 1752 ε
1646 1708 1779 1756 vos
1810 1738 1831 1772 ‚
1875 1684 2091 1757 silvae
2131 1707 2525 1776 amnesque
2567 1669 2846 1776 Lycaei.

706 1806 955 1876 Cetera
986 1859 1008 1893 ,
1046 1827 1234 1896 quae
1270 1825 1529 1872 vacuas
1561 1801 1957 1871 tenuissent
1994 1799 2305 1870 carmine
2339 1815 2659 1886 menteS,

707 1920 985 1991 Omnia
1016 1920 1170 2018 jam
1209 1918 1515 2014 volgata.
1598 1916 1763 2009 quis
1803 1932 1927 1984 aut
1966 1913 2353 2008 Eurysthea
2394 1913 2706 2003 durum,

704 2034 856 2108 Aut
894 2031 1245 2104 inlaudati
1282 2031 1508 2103 nescit
1547 2029 1889 2102 Busiridis
1928 2031 2121 2101 aras?

709 2147 922 2254 Quoi
969 2170 1126 2220 non
1165 2148 1400 2219 dictus
1432 2145 1655 2242 Hylas
1694 2171 1877 2240 puer
1900 2201 1921 2235 ,
1969 2162 2040 2216 et
2076 2146 2379 2216 Latonia
2416 2137 2694 2216 Delos?

709 2262 1335 2359 Hippodameque
1361 2316 1381 2351 ,
1423 2263 1879 2355 humeroque
1920 2260 2187 2356 Pelops
2226 2261 2522 2358 insignis
2558 2260 2875 2350 eburno,

705 2380 886 2453 Acer
924 2378 1134 2474 equis
1172 2379 1205 2448 Ξ)
1265 2377 1608 2449 tentanda
1644 2378 1760 2447 via
1800 2395 1905 2449 est
1928 2430 1947 2465 ‚
1995 2402 2138 2470 qua
2176 2402 2294 2446 me
2332 2401 2635 2469 quoque
2675 2377 2959 2469 possim

707 2495 999 2567 Tollere
1036 2496 1267 2564 humo
1294 2547 1315 2583 ,
1349 2493 1722 2587 victorque
1761 2493 2000 2564 virum
2032 2494 2331 2564 volitare
2368 2517 2494 2587 per
2535 2517 2672 2563 ora.

709 2610 997 2683 Primus
1036 2633 1170 2707 ego
1209 2610 1286 2680 in
1324 2611 1633 2703 patriam
1672 2631 1965 2680 mecum
1993 2663 2013 2697 ‚
2059 2608 2290 2680 modo
2330 2609 2476 2679 vita
2515 2608 2819 2702 supersit
2842 2659 2866 2698 ,

708 2724 953 2796 Aonio
992 2724 1272 2797 rediens
1312 2724 1668 2796 deducam
1705 2723 1962 2797 vertice
2001 2723 2284 2797 Musas:

709 2839 996 2913 Primus
1037 2839 1419 2912 Idumaeas
1455 2838 1750 2913 referam
1788 2839 1924 2911 tibi
1947 2896 1969 2930 ‚
2011 2839 2311 2913 Mantua
2341 2896 2363 2930 ‚
2405 2840 2719 2935 palmas:

706 2955 802 3026 Et
839 2955 1049 3027 viridi
1092 2956 1167 3025 in
1208 2981 1472 3050 campo
1514 2958 1884 3052 templum
1924 2956 2015 3031 de
2055 2981 2411 3027 marmore
2449 2978 2727 3050 ponam

710 3070 1011 3163 Propter
1051 3097 1356 3164 aquarn,
1403 3071 1618 3144 tardis
1656 3074 1907 3171 ingens
1939 3073 2068 3143 ubi
2109 3071 2416 3143 flexibus
2455 3085 2631 3140 errat
2662 3136 2691 3159 ,-

707 3185 1061 3274 Mincius‚
1107 3207 1176 3257 et
1215 3205 1447 3257 tenera
1485 3190 1829 3281 praetexit
1869 3188 2215 3259 arundine
2249 3189 2455 3282 ripas.

710 3300 802 3371 In
842 3300 1090 3369 medio
1133 3301 1314 3369 mihi
1357 3301 1608 3372 Caesar
1647 3302 1774 3372 erit
1803 3355 1825 3389 ‚
1875 3306 2391 3397 templumque
2426 3299 2717 3372 tenebit.

710 3412 834 3483 Illi
873 3414 1100 3482 victor
1135 3438 1268 3510 ego
1291 3468 1312 3502 ‚
1359 3433 1431 3484 et
1464 3415 1687 3507 Tyrio
1731 3435 2161 3510 conspectus
2197 3418 2274 3487 in
2312 3435 2505 3489 ostro
2533 3470 2553 3505 ,

713 3526 1029 3598 Centum
1075 3529 1540 3627 quadrijugos
1577 3530 1860 3627 agitabo
1904 3531 1995 3600 ad
2031 3530 2336 3602 flumina
2375 3554 2632 3603 currus.

712 3641 993 3713 Cuncta
1031 3640 1262 3733 mihi,
1316 3641 1686 3739 Alpheum
1727 3645 2066 3737 linquens
2107 3649 2461 3740 lucosque
2495 3645 2900 3737 Molorchi,

713 3756 1064 3831 Cursibus
1105 3776 1175 3830 et
1211 3760 1435 3831 crudo
1477 3758 1805 3833 decernet
1845 3759 2135 3833 Graecia
2170 3781 2385 3833 cestu.

712 3872 751 3940 1
813 3900 881 3944 se
985 3900 1055 3944 [a
1125 3896 1201 3944 ut
1241 3896 1485 3948 tunsae
1529 3872 1721 3948 feliis
1765 3900 2058 3948 ornatus
2098 3879 2326 3948 olivae
