3750 6217
2426 650 2453 687 N

713 755 871 829 116
1169 746 2649 839 AENE·1D081.‚v,87.·

700 917 1114 1013 Insequitur
1147 918 1564 1011 clamorque
1599 919 1834 990 virum
1877 915 2274 1010 stridorque
2306 914 2717 993 rudentum.

701 1034 1038 1130 Eripiunt
1074 1032 1314 1104 subito
1353 1033 1581 1106 nubes
1615 1036 2058 1126 coelumque
2094 1031 2442 1127 diemque
2518 1076 2527 1093 ·

702 1152 1152 1227 Teucrorum
1194 1172 1284 1218 ex
1325 1151 1554 1221 oculis
1591 1179 1608 1217 ε
1669 1164 1906 1244 ponto
1944 1172 2097 1218 nox
2134 1146 2427 1221 incubat
2460 1165 2623 1221 atra.

701 1267 1096 1339 Intonuere
1131 1263 1292 1359 poli
1319 1317 1339 1352 ‚
1380 1283 1450 1336 et
1488 1263 1743 1336 crebris
1776 1264 1995 1334 micat
2030 1263 2315 1363 ignibus
2352 1264 2627 1338 aether:

699 1382 1305 1472 Praesentemque
1340 1380 1506 1452 viris
1542 1381 1897 1451 intentant
1938 1379 2185 1449 omnia
2218 1396 2553 1455 mortem.

699 1495 1094 1589 Extemplo
1135 1494 1415 1565 Aeneae
1451 1497 1824 1568 solvuntur
1857 1493 2113 1592 frigore
2146 1493 2509 1573 membraz

703 1611 1022 1709 Ingemit
1044 1664 1064 1697 ,
1104 1627 1174 1680 et
1212 1610 1536 1705 duplices
1577 1610 1882 1683 tendens
1917 1610 2009 1680 ad
2046 1609 2270 1681 sidera
2307 1611 2589 1704 palmas
2612 1662 2636 1701 ,

701 1728 914 1799 Talia
948 1750 1127 1796 voce
1160 1723 1364 1796 refert
1413 1756 1428 1795 z
1491 1726 1562 1797 O
1593 1745 1841 1819 terque
1880 1744 2269 1820 quaterque
2304 1726 2532 1815 beati,

704 1841 897 1947 Quis
938 1861 1100 1912 ante
1144 1867 1265 1913 ora
1292 1859 1580 1936 patrum
1611 1841 1873 1911 Troiae
1911 1840 2043 1912 sub
2084 1842 2471 1913 moenibus
2505 1842 2665 1914 altis

707 1957 1035 2053 Contigit
1076 1976 1418 2051 oppetere
1457 1958 1472 2026 !
1536 1982 1582 2027 o
1621 1957 1960 2028 Danaum
1999 1955 2382 2028 fortissime
2418 1957 2650 2056 gentis

703 2072 995 2167 Tydide
1020 2126 1039 2159 ‚
1083 2097 1296 2157 mene
1331 2072 1568 2147 Iliacis
1609 2072 2034 2143 occumbere
2072 2072 2345 2165 campis

705 2188 886 2259 Non
920 2188 1245 2282 potuisse
1269 2241 1290 2275 ‚
1334 2206 1602 2281 tuaque
1642 2188 1961 2257 animam
1996 2188 2179 2267 hanc
2219 2178 2579 2279 effundere
2619 2186 2861 2259 dextra
2884 2186 2919 2258 ἓ

707 2303 971 2375 Saevus
1007 2303 1135 2373 ubi
1167 2302 1512 2373 Aeacidae
1553 2304 1700 2375 telo
1732 2304 1917 2401 jacet
1959 2303 2273 2391 Hector,
2314 2302 2441 2373 ubi
2483 2304 2733 2401 ingens

707 2417 1077 2514 Sarpedon
1121 2445 1137 2486 :
1197 2416 1327 2490 ubi
1364 2435 1475 2489 tot
1508 2416 1773 2491 Simois
1811 2435 2152 2512 conrepta
2190 2417 2326 2490 sub
2364 2418 2584 2495 undis

706 2532 919 2606 Scuta
955 2533 1190 2604 virum
1230 2534 1610 2632 galeasque
1648 2552 1717 2604 et
1754 2533 1965 2604 fortia
2003 2558 2305 2630 corpora
2340 2534 2586 2606 volvit.

822 2648 1030 2720 Talia
1057 2648 1353 2747 jactanti
1391 2649 1689 2722 stridens
1731 2648 2099 2743 Aquilone
2139 2652 2456 2747 proc-ella

711 2764 989 2837 Velum
1021 2763 1308 2837 adversa
1351 2763 1510 2836 ferit
1540 2819 1561 2854 ‚
1617 2763 2152 2859 fluctusque.ad
2194 2766 2416 2845 sidera
2454 2766 2665 2839 tollit.

705 2878 1151 2978 Franguntur
1188 2880 1365 2952 remi
1413 2908 1429 2949 z
1490 2898 1648 2955 tum
1691 2906 1900 2975 prora
1943 2882 2224 2971 avertit,
2270 2898 2341 2953 et
2373 2881 2588 2954 undis

709 2994 858 3069 Dat
896 2997 1102 3068 latus.
1181 2995 1578 3091 insequitur
1619 2998 1916 3068 cumulo
1954 3015 2371 3093 praeruptus
2400 3020 2627 3091 aquae
2658 3017 2895 3085 mons.

707 3109 811 3182 Hi
857 3136 1146 3184 summo
1187 3111 1262 3182 in
1301 3110 1534 3183 fluctu'
1559 3111 1885 3208 pendent
1918 3141 1934 3182 ι
1992 3114 2104 3185 his
2131 3112 2329 3186 unda
2367 3112 2734 3186 dehiscens
2924 3120 2929 3125 '

709 3224 1005 3296 Terram
1047 3227 1229 3297 inter
1264 3225 1522 3299 fluctus
1555 3228 1781 3321 aperit
1816 3256 1832 3297 z
1894 3227 2063 3299 furit
2095 3247 2327 3304 aestus
2363 3227 2605 3305 arenis-

708 3340 874 3411 Tris
909 3340 1147 3412 Notus
1186 3339 1510 3435 abreptas
1546 3343 1621 3412 in
1655 3367 1817 3422 saxa
1848 3344 2135 3429 latentia
2165 3361 2487 3438 torquet,

713 3452 938 3547 (Saxa
968 3472 1230 3526 vocant
1275 3456 1439 3535 Itali
1479 3457 1738 3530 mediis
1784 3470 1967 3552 'quae
2006 3457 2345 3547 fluctibus
2383 3459 2606 3555 Aras)

709 3568 1031 3643 Dorsum
1074 3570 1362 3642 inmane
1400 3572 1579 3643 mari
1617 3596 1933 3663 summo.
2007 3576 2131 3648 tris
2170 3574 2397 3648 Eurus
2426 3575 2521 3646 ab
2560 3575 2713 3648 alto

706 3685 801 3757 In
838 3684 1076 3756 brevia
1111 3702 1183 3757 et
1220 3684 1437 3780 Syrtis
1473 3706 1710 3786 urget,
1755 3690 2154 3765 miserabile
2189 3692 2385 3780 visu,

708 3800 1113 3896 Inliditque
1150 3802 1352 3876 vadis
1380 3859 1400 3893 ‚
1445 3822 1659 3899 atque
1697 3830 1945 3908 aggere
1981 3806 2204 3906 cingit
2241 3830 2505 3890 arenae,
