3750 6217
487 725 1013 815 osonstcou
1068 739 1221 815 Iler.
1282 758 1378 833 gott

332 902 509 1008 Conjugis
533 906 572 976 in
591 908 768 1006 gremium
793 907 904 979 laetae
926 904 1138 996 descendit,
1161 924 1198 980 et
1219 927 1350 995 omnes

332 1014 487 1123 Magnus
508 1022 591 1114 alit,
612 1046 746 1123 magno
765 1023 974 1096 conmixtus
992 1046 1162 1117 corpore,
1182 1022 1287 1096 fetus.

331 1137 421 1210 Avia
441 1155 522 1209 tum
542 1157 713 1211 resonant
730 1137 857 1211 avibus
875 1138 1028 1237 virgulta
1044 1140 1205 1228 canoris,

333 1250 379 1326 Et
398 1252 581 1325 Venerem
602 1254 703 1326 certis
720 1271 889 1348 repetunt
908 1271 1066 1324 annenta
1084 1241 1230 1328 diebus:

332 1355 485 1442 Parturit
501 1370 621 1441 almus
637 1393 739 1468 ager,
764 1366 997 1464 Zephyrique
1014 1368 1221 1463 tepentibus
1238 1368 1331 1444 auris

332 1479 475 1557 Laxant
493 1509 574 1556 arva
593 1483 693 1557 sinus
709 1496 717 1553 t
748 1501 890 1581 superat
907 1498 1007 1557 tener
1024 1484 1198 1558 omnibus
1215 1485 1368 1568 humor:

333 1594 454 1694 Inque
470 1623 588 1673 novos
608 1599 853 1672 solesaudent
870 1623 907 1672 se
924 1601 1084 1699 germina
1103 1618 1185 1672 tuto

333 1712 484 1787 Credere
506 1743 514 1783 ε
544 1737 610 1786 nec
627 1715 758 1787 metuit
777 1737 957 1815 surgentes
976 1715 1174 1809 pampinus
1188 1713 1360 1809 Austros,

332 1830 407 1903 Aut
423 1849 545 1902 actum
564 1831 668 1903 coelo
688 1831 830 1931 magnis
848 1828 1096 1924 Aquilonibus
1113 1831 1283 1904 imbrem:

330 1944 402 2019 Sed
421 1946 533 2018 trudit
551 1968 737 2045 gemmas,
756 1964 792 2019 et
808 1944 958 2019 frondes
976 1945 1130 2041 explicat
1148 1970 1285 2021 omnes.

332 2058 421 2133 Non
439 2062 530 2134 alios
547 2060 664 2156 prima
681 2062 866 2134 crescentis
886 2060 1022 2161 origine
1041 2060 1171 2134 mundi

333 2177 513 2250 Inluxisse
532 2174 628 2268 dies,
648 2178 807 2248 aliumve
825 2176 990 2251 habuisse
1008 2198 1172 2250 tenorem

331 2287 564 2366 Crediderim.
599 2316 660 2363 ver
676 2292 770 2364 illud
787 2312 858 2364 erat
881 2320 889 2362 ε
918 2315 979 2364 ver
996 2317 1148 2392 magnus
1167 2293 1292 2394 agebat

331 2407 459 2499 Orbis,
484 2426 520 2480 et
535 2406 692 2482 hibernis
710 2403 903 2504 parcebant
921 2407 1065 2482 flatibus
1083 2408 1187 2481 Euri:

332 2521 463 2630 Quom
484 2523 619 2619 primae
639 2524 759 2596 lucem
773 2524 931 2619 pecudes
950 2526 1121 2614 hausere,
1140 2526 1332 2622 virumque

331 2636 453 2711 Ferrea
471 2640 659 2739 progenies
677 2641 774 2714 duris
793 2658 902 2735 caput
919 2641 1174 2732 melitanis,

332 2753 579 2849 Inmissaeque
597 2750 688 2827 ferae
708 2756 828 2845 silvis,
858 2774 894 2828 et
912 2757 1023 2828 sidera
1044 2758 1159 2828 coelo.

331 2865 407 2942 Nec
426 2894 480 2942 res
496 2870 595 2941 hunc
613 2887 754 2942 tenerae
770 2890 920 2965 possent
936 2868 1076 2945 sufferre
1092 2869 1274 2961 laborem,

331 2982 368 3056 Si
390 3006 469 3055 non
485 3002 584 3056 tanta
604 2984 707 3078 quies
725 2982 791 3057 iret
810 2982 993 3084 frigusque
1010 2987 1242 3080 caloremque

332 3096 453 3189 Inter,
475 3116 511 3170 et
531 3098 709 3193 exciperet
728 3098 820 3170 coeli
840 3097 1067 3200 indulgentia
1085 3117 1199 3173 terras.

392 3211 510 3320 Quod
530 3232 713 3309 superest,
737 3236 988 3309 quaecumque
1005 3237 1146 3311 premes
1160 3213 1309 3314 virgulta
1324 3238 1389 3311 pet
1406 3238 1525 3316 agros,
1572 3226 1577 3243 “’

331 3325 463 3429 Sparge
480 3329 569 3400 fimo
590 3327 744 3428 pingui,
770 3349 806 3402 et
823 3331 940 3401 multa
956 3353 1100 3403 mernor
1120 3333 1242 3403 occule
1260 3348 1369 3402 terra:

331 3443 405 3516 Aut
424 3442 585 3540 lapidem
606 3441 804 3534 bibulum,
827 3463 891 3518 aut
912 3444 1107 3541 squalentis
1127 3443 1251 3518 infode
1271 3447 1441 3523 conchas:

333 3559 431 3632 Inter
444 3559 543 3632 enirn
563 3558 728 3631 labentur
744 3584 881 3654 aquae,
908 3558 1101 3656 tenuisque
1120 3560 1256 3635 subibit

331 3674 499 3766 Halitus,
521 3694 628 3769 atque
648 3675 792 3749 animos
812 3679 945 3751 tollent
962 3694 1044 3751 sata.
1078 3678 1229 3775 jamque
1249 3677 1399 3774 reperti,

332 3788 410 3897 Qui
431 3812 517 3865 saxo
539 3814 664 3885 super,
686 3809 796 3885 atque
812 3792 969 3892 ingentis
985 3790 1148 3888 pondere
1161 3812 1271 3866 testae

332 3904 505 4005 Urgerent
525 3931 533 3973 t
562 3903 689 3995 hocc',
714 3905 847 3981 effusos
867 3905 1059 3981 munimen
1076 3907 1122 3979 ad
1146 3907 1296 3982 imbres:

334 4018 471 4112 Hocc',
489 4020 553 4091 ubi
568 4020 686 4091 hiulca
705 4021 762 4093 siti
778 4021 884 4096 findit
899 4022 1008 4096 Canis
1027 4021 1165 4096 aestifer
1181 4048 1270 4097 arva.

392 4135 598 4209 Seminibus
615 4135 766 4230 positis,
795 4157 953 4234 superest
973 4138 1148 4212 deducere
1168 4157 1295 4213 terram

333 4248 484 4348 Saepius
500 4250 547 4322 ad
568 4250 705 4345 capita,
731 4271 767 4326 et
783 4252 893 4327 duros
909 4257 1039 4354 jactare
1058 4253 1234 4330 bidentis:

334 4366 408 4441 Aut
427 4390 549 4463 presso
570 4389 729 4439 exercere
750 4368 872 4441 solum
895 4370 964 4444 sub
986 4394 1156 4464 vomere,
1181 4390 1216 4445 et
1235 4372 1314 4468 ipsa

335 4480 491 4556 Flectere
510 4484 676 4556 luctantis
693 4483 785 4557 inter
801 4484 920 4559 vineta
932 4488 1118 4584 juvencos.

337 4594 438 4669 Tum
455 4598 543 4672 levis
562 4600 742 4693 calamos,
770 4619 807 4673 et
825 4625 920 4675 rasae
936 4602 1077 4694 hastilia
1093 4603 1234 4704 virgae,

1242 4714 1261 4787 1
1292 4736 1313 4793 r
