3750 6217
362 754 895 831 GEORGICON
955 756 1033 830 IV.
1092 782 1126 828 v.
1175 782 1265 852 oqn.
1351 781 1421 828 101

220 922 266 997 Et
286 921 419 995 diuersa
441 948 544 996 mens
565 942 703 1018 septem
723 923 879 993 discurrit
903 923 940 993 in
962 948 1022 995 ora

220 1039 343 1135 Usque
359 1040 525 1112 coloratis
545 1039 662 1111 amnis
683 1039 837 1109 devexus
855 1039 900 1107 ab
921 1039 1044 1110 Indis:

218 1156 355 1227 Omnis
375 1158 413 1225 ln
432 1157 497 1225 hac
515 1175 646 1227 certam
665 1155 761 1253 regio
777 1154 863 1251 jacit
881 1172 953 1225 arte
973 1156 1131 1226 salutem.

218 1269 380 1367 Exiguus
399 1272 581 1366 primum,
607 1288 715 1363 atque
736 1270 835 1363 ipsos
856 1289 1055 1342 contractus
1075 1271 1121 1340 ad
1141 1294 1226 1341 usus

219 1386 370 1484 Eligitur
386 1388 497 1457 locus.
535 1386 631 1456 hunc
651 1384 862 1484 angustique
881 1385 1029 1456 imbrice
1048 1387 1154 1471 tecti,

219 1499 489 1594 Parietibusque
510 1519 682 1596 premunt
700 1500 801 1586 artis,
824 1518 859 1571 et
879 1521 1033 1593 quatuor
1052 1500 1212 1589 addunt,

219 1615 386 1722 Quatuor
404 1642 425 1687 a
443 1615 580 1705 ventis,
602 1614 752 1709 obliqua
771 1616 849 1686 luce
869 1612 1044 1688 fenestras.

219 1731 318 1802 Tum
337 1733 492 1820 vitulus,
512 1731 612 1802 bima
632 1754 779 1802 curvans
794 1734 871 1829 jam
892 1755 1024 1801 cornua
1044 1728 1184 1819 fronte,

218 1847 435 1953 Quaeritur:
465 1847 547 1917 huic
566 1847 730 1944 geminae
747 1870 870 1935 nares,
893 1865 929 1917 et
947 1830 1091 1953 spiritus
1112 1845 1183 1916 oris

217 1961 335 2034 Multa
352 1963 536 2034 reluctanti
558 1961 742 2051 obsuitur,
764 1963 953 2061 plagisque
972 1977 1137 2056 peremto
1244 1984 1248 1993 ·

218 2077 341 2149 Tunsa
357 2103 423 2173 per
443 2078 614 2175 integram
635 2079 822 2149 solvuntur
840 2077 971 2149 viscera
990 2077 1136 2171 pellem.

216 2192 274 2265 Sic
292 2194 455 2288 positum
475 2194 513 2264 in
531 2195 652 2265 clauso
673 2194 871 2286 linquunt,
893 2209 928 2264 et
946 2218 1065 2265 ramea
1082 2192 1191 2264 costis

215 2307 419 2407 Subjiciunt
435 2308 649 2407 fragmenta,
671 2309 863 2403 thymum,
886 2309 1068 2402 casiasque
1087 2307 1246 2379 recentis.

215 2423 299 2495 Hoc
317 2424 464 2521 geritur,
486 2424 662 2518 Zephyris
680 2424 841 2519 primum
862 2422 1121 2517 inpellentibus
1141 2421 1276 2512 undas,

215 2537 310 2611 Ante
330 2540 434 2611 novis
452 2539 600 2611 rubeant
620 2526 730 2633 quam
751 2558 848 2633 prata
869 2530 1075 2627 coloribirs,
1101 2556 1183 2609 ante

216 2652 363 2724 Garnrla
383 2679 494 2747 quam
512 2655 619 2752 tignis
637 2654 766 2724 nidum
788 2655 982 2748 suspendat
1000 2652 1168 2724 hinrndo.

214 2766 355 2839 Interea
371 2772 500 2841 teneris
518 2767 713 2863 tepefactus
731 2770 768 2838 in
790 2769 929 2841 ossibus
948 2770 1082 2840 humor·

216 2878 383 2961 Aestuatr
408 2903 443 2956 et
460 2883 607 2956 visenda
626 2884 749 2953 modis
769 2884 936 2954 animalia
953 2883 1077 2970 miris,

216 2996 360 3067 Trunca
380 2999 517 3093 pedum
536 2998 682 3092 primo,
704 3022 796 3068 mox
814 3020 849 3070 et
871 2998 1052 3071 stridentia
1072 2996 1221 3090 pennis,

205 3111 436 3203 Miscentur,
458 3131 677 3205 tenuemque
695 3114 808 3210 magis
824 3115 938 3212 magis
957 3124 1034 3182 aera
1053 3130 1222 3205 carpuntr

215 3225 368 3315 Donec,
396 3246 435 3299 ut
454 3228 594 3299 aestivis
611 3226 741 3299 effusus
760 3227 919 3302 nubibus
939 3227 1075 3315 imber,

214 3341 371 3436 Erupere
389 3373 397 3422 ;
421 3360 482 3414 aut
500 3361 562 3432 ut,
583 3366 693 3413 nervo
713 3344 898 3438 pulsante,
922 3343 1084 3442 sagittae,

215 3457 335 3527 Prima
355 3457 450 3529 leves
469 3458 596 3529 ineunt
616 3457 645 3527 si
666 3458 813 3551 quando
834 3461 971 3554 proelia
992 3458 1119 3529 Parthi.

272 3569 365 3676 Quis
382 3571 480 3643 Deus
497 3573 611 3662 hanc,
634 3571 782 3663 Musae,
805 3575 887 3669 quis
906 3574 1014 3646 nobis
1034 3573 1173 3644 extudit
1191 3575 1331 3646 artem?

214 3686 320 3758 Unde
340 3711 433 3758 nova
454 3688 627 3786 ingressus
646 3687 843 3760 hominum
858 3688 1076 3785 experientia
1095 3689 1218 3783 cepit?

213 3801 337 3873 Pastor
353 3799 530 3874 Aristaeus
549 3801 688 3901 fugiens
704 3804 834 3876 Peneia
853 3804 1018 3901 Tempe,

213 3914 385 4003 Amissis,
409 3934 450 3988 ut
468 3916 583 4005 fama,
603 3917 733 4012 apibus
751 3920 957 4015 morboque
976 3919 1168 4011 fameque,

214 4028 341 4102 Tristis
360 4030 407 4100 ad
426 4031 574 4103 extremi
594 4054 731 4103 sacrum
748 4053 857 4130 caput
875 4035 1011 4108 adstitit
1027 4034 1161 4120 amnis,

212 4144 329 4217 Multa
348 4164 525 4239 querens,
541 4164 649 4239 atque
667 4147 733 4220 hac
752 4147 891 4223 adlatus
909 4176 999 4222 voco
1018 4166 1202 4243 parentem
1212 4176 1224 4235 r¹

269 4258 385 4332 Mater
404 4258 566 4356 Cyrene,
586 4279 719 4352 mater,
740 4289 832 4358 quae
850 4266 997 4364 gurgitis
1015 4266 1136 4363 hujus'

212 4374 294 4465 Ima
311 4394 430 4466 tenes,
452 4376 543 4470 quid
562 4400 622 4449 me
642 4379 817 4471 praeclara
839 4383 947 4475 stirpe
964 4379 1119 4450 deorum

215 4488 276 4595 (Si
296 4491 436 4581 modo,
454 4516 565 4586 quem
585 4493 774 4587 perhibes,
797 4515 897 4590 pater
915 4514 968 4567 est
986 4492 1236 4588 Thymbraeus
1254 4490 1418 4593 Apollo)

213 4602 378 4697 invisum
396 4605 477 4683 fatis
497 4606 649 4711 genuisti
674 4612 695 4685 i'·
719 4628 781 4684 aut
798 4635 874 4717 quo
895 4608 962 4697 tibi
982 4607 1094 4699 nostri
1408 4592 1415 4606 ’
