3750 6217
330 785 381 865 ab
567 786 910 862 ECLOGA
965 789 1288 879 v11.v.25.

810 971 835 1022 Τ
848 973 874 1024 rr
887 974 912 1024 Y
926 974 949 1024 a
962 973 978 1025 s
992 975 1007 1025 1
1020 972 1049 1027 s·

326 1070 510 1161 Pastores,
534 1068 637 1142 edera
656 1089 870 1142 crescentem
892 1089 1014 1141 ornate
1035 1082 1205 1166 poetam,

325 1186 499 1275 Arcades,
522 1185 656 1255 invidia
676 1204 887 1278 rumpantur
905 1204 946 1257 ut
965 1186 1025 1256 ilia
1044 1186 1185 1258 Codro:

324 1298 419 1392 Aut,
445 1302 475 1374 si
493 1303 584 1373 ultra
603 1302 776 1395 placitum
799 1301 972 1390 laudarit,
993 1302 1137 1373 baccare
1153 1301 1311 1377 frontem

325 1416 493 1518 Cingite,
518 1441 565 1487 ne
581 1415 654 1487 vati
677 1435 804 1488 noceat
824 1418 920 1488 mala
936 1418 1058 1517 lingua
1078 1417 1208 1492 futuro.

796 1552 1058 1603 coaroon

324 1648 460 1721 Saetosi
479 1666 586 1742 caput
602 1648 703 1718 hocc'
730 1648 834 1740 apri,
865 1647 931 1718 tibi
951 1646 1077 1735 Delia,
1110 1674 1239 1741 parvus

289 1757 299 1781 ⁸
323 1765 371 1836 Et
395 1789 535 1834 ramosa
556 1763 692 1855 Mycon
717 1762 847 1832 vivacis
870 1786 1003 1831 cornua
1024 1763 1124 1834 cervi.

322 1877 358 1950 Si
379 1879 567 1972 proprium
594 1879 664 1948 hoc
685 1875 815 1965 fuerit,
848 1877 915 1947 levi
936 1877 982 1947 de
1003 1903 1180 1950 marmore
1201 1896 1278 1952 tota

322 1994 483 2065 Puniceo
506 1993 615 2067 stabis
634 2017 729 2066 suras
749 1992 885 2064 evincta
909 1994 1095 2065 cothurno.

812 2127 877 2177 ΤΗ
893 2128 916 2177 r
930 2128 953 2177 a
967 2128 983 2179 s
997 2130 1011 2179 1
1024 2128 1052 2180 S.

322 2225 451 2298 Sinum
469 2224 589 2314 lactis,
621 2243 656 2296 et
676 2225 763 2294 haec
782 2241 817 2295 te
838 2223 938 2312 liba,
963 2224 1111 2319 Priape,
1139 2246 1231 2319 quot
1250 2225 1353 2299 annis

321 2339 534 2435 Exspectare
554 2356 607 2412 sat
629 2359 704 2412 est:
731 2358 849 2412 custos
868 2364 905 2411 es
925 2343 1093 2435 pauperis
1116 2343 1218 2413 horti.

320 2454 430 2527 Nunc
447 2475 482 2527 te
501 2480 744 2528 marmoreum
764 2479 831 2548 pro
851 2473 1015 2549 tempore
1034 2458 1185 2530 fecimus
1205 2486 1213 2528 ι
1236 2455 1273 2530 at
1290 2478 1351 2551 tu,

319 2568 358 2641 si
374 2569 487 2643 fetura
505 2595 646 2671 gregem
665 2570 910 2666 suppleverit,
935 2595 1060 2647 aureus
1079 2591 1166 2645 esto.

792 2708 812 2758 C
825 2706 885 2757 01³
899 2705 924 2756 Y
939 2705 966 2757 D
977 2707 1001 2758 0
1012 2708 1050 2762 N.

319 2802 453 2874 Nerine
474 2801 642 2894 Galatea,
670 2805 799 2899 thymo
824 2801 914 2872 mihi
935 2802 1076 2878 dulcior
1098 2803 1260 2901 Hyblae,

320 2917 522 2990 Candidior
544 2921 690 3015 cycnis,
721 2920 824 2994 edera
844 2916 1039 2993 formosior
1061 2922 1163 2994 alba:

320 3031 449 3138 Quom
470 3037 631 3130 primum
649 3036 741 3132 pasti
759 3053 920 3132 repetent
936 3038 1120 3131 praesepia
1142 3038 1260 3129 tauri,

318 3148 356 3221 Si
380 3176 453 3245 qua
476 3154 530 3222 tui
550 3151 755 3246 Corydonis
774 3150 882 3224 habet
900 3170 936 3225 te
956 3176 1060 3246 cura,
1084 3154 1219 3227 venito.

808 3287 833 3339 Τ
846 3286 871 3337 Η
885 3287 911 3337 Y
924 3288 947 3338 R
960 3286 977 3337 S
991 3289 1006 3339 l
1019 3289 1047 3343 S.

316 3381 444 3452 Immo
465 3407 532 3478 ego
554 3379 696 3454 Sardois
711 3383 831 3455 videar
847 3382 915 3453 tibi
935 3386 1090 3454 amarior
1108 3381 1251 3471 herbis,

316 3495 508 3568 Horridior
526 3476 649 3583 rusco,
670 3500 827 3595 projecta
846 3497 953 3566 vilior
972 3501 1049 3596 alga
1065 3527 1075 3575 ς

316 3609 354 3682 si
373 3610 464 3681 mihi
484 3633 562 3682 non
583 3611 754 3687 haecffllux
772 3630 852 3684 toto
868 3613 946 3709 jam
965 3612 1109 3708 longior
1127 3632 1223 3679 anno
1244 3625 1305 3679 est

317 3727 374 3800 Ite
395 3726 551 3798 domum
571 3725 694 3820 pasti,
720 3728 748 3800 si
769 3727 852 3822 quis
870 3725 1018 3821 pudor,
1041 3727 1089 3796 ite
1105 3724 1260 3825 juvenci.

693 3903 695 3908 .
799 3860 1058 3916 coarnon

315 3959 479 4033 Muscosi
497 3956 643 4050 fontes,
665 3975 700 4031 et
719 3983 851 4033 somno
875 3959 1026 4031 mollior
1044 3956 1153 4029 herba

314 4077 362 4149 Et
387 4100 479 4170 quae
502 4099 569 4146 vos
593 4100 666 4145 rara
689 4076 812 4147 viridis
834 4077 923 4175 tegit
943 4074 1089 4146 arbutus
1107 4071 1256 4163 umbra,

316 4189 519 4268 Solstitium
537 4190 659 4285 pecori
680 4189 872 4263 defendite.
898 4194 977 4288 jam
996 4190 1095 4262 venit
1111 4208 1221 4261 aestas

316 4306 470 4378 Torrida
490 4333 497 4372 :
517 4306 596 4402 jam
617 4306 713 4380 laeto
732 4324 873 4407 turgent
891 4306 930 4380 in
948 4306 1099 4402 palmite
1116 4329 1290 4406 gemmae.

795 4440 1037 4493 Turasrs

316 4532 387 4610 Hic
406 4537 533 4626 focus,
557 4554 592 4610 et
609 4538 733 4610 taedae
748 4539 928 4638 pingues,
952 4533 1011 4608 hic
1027 4539 1207 4632 plurimus
1226 4537 1319 4638 ignis

317 4653 491 4753 Semper,
516 4673 552 4730 et
574 4653 722 4730 adsidua
744 4671 868 4752 postes
886 4651 1036 4757 fuligine
1056 4653 1156 4755 nigri.
