3750 6217
534 693 980 794 'AENEIDOS
1037 706 1096 778 11.
1156 732 1188 797 v²
1241 731 1331 800 ιω,
1460 733 1534 806 14¹

330 867 406 944 Vix
422 867 569 943 tandem
586 871 727 970 magnis
747 869 859 942 Ithaci
879 870 1092 947 clamoribus
1112 891 1229 963 actus,

332 985 539 1082 Conposito
559 987 697 1081 rumpit
710 1009 861 1075 vocem,
883 1002 919 1055 et
937 1009 997 1054 me
1018 986 1170 1059 destinat
1187 1013 1273 1065 arae.

331 1103 528 1174 Adsensere
546 1126 675 1174 omnes
697 1129 705 1169 :
734 1118 793 1190 et,
817 1125 910 1193 quae
930 1099 998 1170 sibi
1018 1100 1171 1196 quisque
1190 1102 1364 1198 timebat,

331 1217 448 1296 Unius
467 1218 504 1287 in
523 1217 644 1291 miseri
660 1216 810 1287 exitium
828 1223 996 1287 conversa
1012 1217 1131 1288 tulere.
1180 1230 1187 1247 “

328 1331 485 1427 Jamque
504 1332 581 1402 dies
601 1329 745 1402 infanda
765 1331 882 1408 aderat
903 1356 911 1410 t
941 1329 1032 1399 mihi
1050 1355 1142 1416 sacra
1161 1333 1299 1428 parari,

332 1448 378 1518 Et
398 1449 507 1519 salsae
524 1445 661 1544 fruges,
686 1464 722 1529 et
740 1446 873 1515 circum
891 1462 1057 1537 tempora
1075 1446 1192 1533 vittae,

332 1562 477 1657 Eripui,
500 1559 635 1650 fateor,
655 1562 728 1633 leto
749 1585 834 1649 me,
861 1577 896 1631 et
913 1559 1055 1629 vincula
1074 1562 1178 1655 rupi;

332 1675 559 1770 Limosoque
577 1678 658 1747 lacu
676 1701 739 1770 per
759 1693 905 1746 noctem
927 1673 1098 1746 obscurus
1117 1676 1155 1745 in
1175 1679 1257 1759 ulva

333 1790 490 1882 Delitui‚
514 1792 605 1862 dum
622 1792 722 1879 vela,
745 1790 869 1860 darent
889 1789 917 1867 si
938 1787 1051 1879 forte,
1078 1790 1269 1865 dedissent

333 1906 408 1978 Nec
427 1908 518 1977 mihi
534 1909 611 2004 jam
628 1906 775 2004 patriam
795 1906 983 1997 antiquam
1002 1927 1082 1998 spes
1099 1907 1173 1977 ulla
1190 1905 1359 2000 videndi,

332 2021 407 2093 Nec
426 2023 541 2093 dulcis
561 2041 681 2110 natos,
704 2037 988 2115 exoptatumque
1005 2037 1214 2113 parentem:
1358 2008 1360 2013 ¹

333 2136 440 2241 Quos
458 2139 510 2208 illi
530 2136 603 2216 fors
622 2136 669 2207 ad
685 2160 821 2238 poenas
841 2134 891 2214 ob
912 2152 1031 2219 nostra
1050 2157 1239 2230 reposcent

332 2248 494 2350 Effugia,
518 2271 552 2323 et
567 2254 711 2346 culpam
730 2251 821 2335 hanc
838 2249 1050 2333 miserorum
1067 2259 1182 2333 morte
1202 2253 1364 2347 piabunt,

332 2366 447 2473 Quod
470 2387 532 2458 te,
558 2392 621 2461 per
639 2391 808 2460 superos,
830 2384 865 2452 et
884 2363 1026 2450 conscia
1046 2367 1195 2454 numina
1213 2369 1306 2459 veri,

332 2481 420 2572 Per,
441 2485 470 2554 si
492 2502 661 2578 quaest,
685 2506 777 2577 quae
799 2499 902 2553 restet
924 2479 1041 2552 adhuc
1062 2482 1273 2563 mortalibus
1294 2507 1452 2580 usquam

333 2597 544 2670 intemerata
565 2598 672 2688 lides,
698 2621 786 2685 oro,
812 2597 975 2672 miserere
999 2595 1166 2679 laborum

332 2711 534 2785 Tantorum
557 2743 565 2783 ι
593 2714 756 2786 miserere
773 2712 885 2793 animi
906 2735 984 2782 non
1003 2711 1110 2810 digna
1130 2709 1280 2786 ferentis.

390 2826 457 2900 His
474 2813 627 2925 lacrimis
644 2828 754 2908 vitem
773 2827 922 2916 damus,
945 2844 981 2898 et
998 2826 1257 2914 miserescimus
1274 2830 1380 2913 ultro,

333 2943 418 3037 Ipse
436 2943 512 3013 viro
531 2936 669 3038 primus
687 2942 842 3019 manicas
859 2960 967 3036 atque
985 2959 1056 3015 arta
1074 2943 1181 3023 levari

332 3057 464 3131 Vincla
477 3058 582 3157 jubet
600 3058 780 3136 Priamus;
802 3056 979 3151 dictisque
998 3056 1047 3128 ita
1064 3053 1154 3137 fatur
1173 3058 1315 3143 amicis}

392 3171 568 3277 Quisquis
586 3197 641 3260 es,
666 3171 816 3244 amissos
834 3171 918 3242 hinc
931 3173 1008 3269 jam
1029 3171 1236 3255 obliviscere
1257 3172 1408 3254 Graiosr

332 3289 463 3360 Noster
483 3288 549 3360 eris
568 3319 577 3369 ;
601 3287 763 3389 mihique
782 3287 868 3357 haec
885 3287 1035 3364 edissere
1053 3311 1132 3371 vera
1150 3288 1297 3386 roganti.

333 3403 421 3508 Quo
437 3405 576 3474 molem
595 3403 686 3488 hanc
707 3401 862 3485 inmanis
879 3401 964 3496 equi
986 3419 1132 3484 statuere
1153 3404 1169 3473 ?
1199 3402 1283 3501 quis
1299 3401 1451 3488 auctor?

332 3517 478 3624 Quidve
496 3537 624 3613 petunt
646 3518 662 3588 ?
692 3542 783 3611 quae
800 3517 925 3616 religio
951 3517 968 3600 ,Ρ
998 3534 1059 3590 aut
1076 3542 1169 3612 quae
1189 3518 1354 3591 machina
1374 3517 1460 3590 belli
1477 3516 1495 3590 ,θ

390 3633 562 3704 Dixerat:
591 3634 653 3720 ille
672 3631 768 3704 dolis
789 3633 979 3706 instructus
1003 3651 1038 3704 et
1061 3651 1132 3705 arte
1157 3633 1325 3734 Pelasga,

333 3745 482 3821 Sustulit
506 3767 626 3820 exutas
647 3748 773 3829 vinclis
796 3747 842 3831 ad
866 3748 978 3821 sidera
997 3749 1156 3844 palmas:
1325 3738 1327 3742 ⁷
1403 3727 1415 3749 ’

333 3863 439 3952 Vos,
457 3865 587 3934 aeterni
607 3863 728 3961 ignes,
751 3880 786 3933 et
802 3886 880 3936 non
895 3863 1065 3945 violabile
1086 3883 1241 3947 vestrum

334 3978 464 4051 Testor
480 4000 639 4066 numen,
662 3978 710 4049 ait
732 4005 741 4046 t
769 4001 836 4050 vos
857 4002 957 4068 arae,
980 4002 1153 4073 ensesque
1172 3976 1342 4074 nefandi,

334 4091 442 4198 Quos
461 4091 557 4191 fugi,
577 4093 755 4187 vittaeque
772 4092 903 4183 dedm,
926 4116 1015 4188 quas
1034 4092 1149 4174 hostla
1167 4095 1257 4197 gessi
1268 4126 1279 4179 ;

333 4207 400 4281 Fas
417 4207 508 4298 prihi
525 4207 717 4279 Graiorum
739 4226 867 4280 sacrata
886 4210 1057 4295 resolvere
1069 4211 1170 4309 juta,

334 4324 401 4397 Fas
423 4323 539 4400 odisse
558 4325 669 4414 virqs,
692 4341 800 4417 atque
817 4325 943 4397 omnia
961 4323 1048 4412 ferre
1067 4324 1134 4397 sub
1153 4351 1272 4418 auras,

335 4437 371 4509 Si
389 4465 460 4534 qua
477 4457 601 4539 tegunt
622 4467 630 4519 ς
659 4459 784 4514 teneor
800 4439 933 4536 patriae
951 4465 1017 4513 nec
1037 4439 1177 4540 legibus
1194 4444 1289 4535 ullis¹

335 4550 395 4624 Tu
412 4553 528 4627 modo
547 4556 735 4652 promissis
752 4579 914 4650 mancas,
938 4574 1142 4670 servataque
1164 4579 1278 4641 serves
