3750 6217
789 782 946 853 124
1233 748 2765 861 AENE1D081.y.351.

784 928 1183 1001 Germanae
1219 953 1234 994 ε
1294 923 1710 1018 factumque
1749 922 1878 994 diu
1913 922 2163 995 celavit
2190 976 2211 1012 ,
2248 939 2320 994 et
2349 945 2627 1020 aegram
2652 974 2676 1012 ,
2780 972 2785 979 -

782 1044 1020 1119 Multa
1049 1043 1283 1112 malus
1320 1041 1663 1112 simulans
1693 1093 1714 1129 ,
1762 1063 1945 1109 vana
1981 1063 2108 1133 spe
2142 1038 2313 1110 lusit
2345 1054 2729 1113 amantem.

781 1160 958 1254 Ipsa
998 1157 1121 1229 sed
1161 1157 1236 1226 in
1279 1155 1553 1227 somnis
1593 1154 1946 1226 inhumati
1980 1153 2177 1225 venit
2215 1153 2455 1252 imago

785 1272 1185 1371 Conjugis;
1228 1294 1346 1340 ora
1381 1271 1623 1343 modis
1658 1270 2015 1341 adtollens
2043 1267 2312 1364 pallida
2350 1266 2588 1359 miriS,

785 1387 1115 1460 Crudelis
1152 1409 1301 1456 aras
1323 1440 1343 1476 ‚
1377 1388 1806 1483 trajectaque
1839 1403 2129 1480 pectora
2169 1383 2348 1455 ferro

783 1501 1103 1575 Nudavit
1135 1532 1152 1580 ;
1197 1526 1631 1594 caecumque
1665 1501 1935 1570 domus
1974 1500 2202 1571 scelus
2240 1523 2460 1572 omne
2490 1500 2757 1573 retexit.

783 1618 986 1689 Tum
1032 1618 1323 1688 celerare
1368 1615 1613 1713 fugam
1641 1670 1661 1703 ‚
1711 1614 2162 1709 patriamque
2204 1617 2541 1689 excedere
2582 1614 2879 1709 suadet,

784 1732 1312 1825 Auxiliumque
1351 1732 1505 1801 viae
1539 1749 1804 1811 veteres
1837 1731 2089 1801 tellure
2127 1730 2429 1803 recludit

786 1848 1191 1919 Thesauros
1214 1900 1235 1934 ‚
1273 1847 1608 1943 ignotum
1649 1846 1912 1943 argenti
1946 1846 2238 1941 pondus
2276 1865 2350 1918 et
2385 1847 2554 1919 auri.

786 1963 925 2036 His
963 1980 1306 2035 conmota
1341 1959 1586 2059 fugam
1625 1961 1822 2031 Dido
1860 1962 2243 2055 sociosque
2280 1962 2585 2056 parabat.

789 2077 1260 2150 Conveniunt
1286 2130 1306 2165 ,
1353 2076 1613 2171 quibus
1655 2094 1778 2148 aut
1811 2075 2068 2148 odium
2108 2077 2389 2149 crudele
2422 2079 2700 2172 tyranni
2722 2131 2748 2168 ,

787 2193 938 2267 Aut
974 2209 1211 2263 metus
1245 2216 1400 2262 acer
1436 2209 1580 2263 erat
1617 2218 1632 2259 s
1691 2216 1942 2281 naves,
1992 2217 2173 2286 quae
2217 2192 2398 2267 forte
2438 2212 2763 2289 paratae,

789 2306 1269 2400 Conripiunt‚
1317 2325 1758 2400 onerantque
1800 2331 1992 2379 auro.
2064 2326 2436 2403 portantur
2469 2308 2654 2379 avari

787 2421 1283 2522 Pygmalionis
1331 2446 1507 2516 opes
1553 2424 1834 2521 pelago.
1917 2422 2065 2493 dux
2108 2421 2376 2495 femina
2410 2422 2594 2496 facti.

787 2537 1156 2611 Devenere
1198 2538 1404 2609 locos
1426 2591 1449 2627 ,
1488 2536 1618 2607 ubi
1658 2561 1853 2608 nune
1899 2537 2212 2636 ingentia
2251 2564 2492 2613 cemes

787 2651 1086 2725 Moenia
1109 2702 1132 2739 ‚
1169 2669 1718 2751 surgentemque
1756 2676 1987 2725 novae
2026 2652 2461 2753 Carthaginis
2494 2678 2767 2727 arcem:

787 2765 1229 2859 Mercatique
1267 2768 1508 2838 solum
1532 2820 1554 2856 ‚
1599 2764 1763 2839 facti
1808 2767 1901 2839 de
1940 2768 2242 2841 nornine
2286 2768 2617 2865 Byrsam,

787 2880 1111 2953 Taurino
1147 2901 1501 2975 quantum
1538 2902 1838 2978 possent
1875 2884 2307 2956 circumdare
2343 2903 2561 2983 tergo.

787 2993 933 3068 Sed
969 3020 1102 3068 vos
1140 2997 1267 3092 qui
1306 2997 1599 3069 tandem
1621 3051 1644 3088 ‚
1690 2999 1962 3092 quibus
1997 3018 2119 3070 aut
2149 3001 2440 3074 venistis
2474 2999 2569 3071 ab
2598 3000 2791 3090 oria,

790 3109 1059 3216 Quove
1108 3112 1365 3185 tenetis
1405 3113 1533 3186 iter
1583 3115 1616 3185 ?
1675 3115 2043 3209 quaerenti
2086 3115 2348 3189 talibus
2390 3116 2513 3188 ille

789 3222 1203 3320 Suspirans,
1252 3228 1554 3322 imoque
1587 3229 1866 3311 trahens
1900 3254 1942 3300 a
1981 3250 2268 3325 pectore
2308 3255 2610 3303 vocemz

910 3339 984 3410 Ο
1024 3338 1155 3410 dea
1179 3393 1200 3429 ‚
1251 3342 1308 3412 si
1343 3342 1575 3435 prima
1614 3360 1939 3437 repetens
1984 3345 2078 3416 ab
2126 3346 2397 3445 origine
2440 3370 2733 3446 pergam
2758 3396 2789 3440 ,

794 3453 894 3531 Et
930 3472 1131 3526 vacet
1165 3456 1434 3527 annalis
1471 3474 1884 3529 nostrorum
1921 3460 2163 3532 audire
2203 3462 2533 3535 laborum
2566 3491 2587 3541 ;

795 3567 985 3645 Ante
1023 3568 1220 3639 diem
1261 3571 1502 3643 clauso
1547 3593 1921 3668 conponet
1954 3600 2203 3670 vesper
2231 3577 2587 3672 Olympo.

793 3682 957 3757 Nos
993 3682 1214 3755 Troia
1248 3684 1542 3779 antiqua
1569 3740 1593 3778 ,
1643 3688 1701 3760 si
1738 3707 1998 3762 vestras
2038 3687 2219 3765 forte
2260 3718 2387 3789 per
2424 3692 2610 3764 auris

793 3796 1060 3871 Troiae
1100 3823 1376 3874 nomen
1419 3802 1505 3875 iit
1530 3855 1554 3891 ,
1594 3802 1868 3876 diversa
1898 3829 2028 3900 per-
2061 3828 2369 3901 aequora
2402 3824 2651 3881 vectos
