3750 6217
444 775 1276 874 aaurruosvrv.m5
1395 799 1471 867 a„

266 942 456 1037 Conspicit
482 968 563 1015 ecce
583 945 674 1015 alios
694 943 816 1014 dextra
834 944 1007 1036 laevaque
1028 968 1090 1037 per·
1107 941 1254 1017 herbam

265 1059 477 1148 Vescentis,
500 1060 709 1150 laetumque
727 1059 837 1129 choro
857 1058 995 1128 Paeana
1013 1058 1194 1145 canentis,

267 1175 364 1244 Inter
380 1173 572 1244 odoratum
595 1175 684 1243 lauri
702 1199 830 1244 nemus
851 1203 859 1240 ε
889 1172 986 1244 unde
1004 1196 1156 1266 superne

266 1288 449 1359 Plurimus
469 1288 614 1358 Eridani
633 1314 696 1382 per
716 1290 843 1359 silvam
862 1288 1018 1357 volvitur
1036 1287 1162 1362 amuis.

266 1399 336 1475 llic
357 1428 506 1491 manus,
529 1403 578 1472 ob
597 1403 749 1497 patriam
771 1402 967 1499 pugnando
988 1402 1132 1473 volnera
1152 1401 1273 1496 passi,
1298 1462 1302 1471 .

268 1519 418 1624 Quique
439 1518 636 1590 sacerdotes
656 1519 759 1605 casti,
780 1518 871 1588 dum
889 1519 961 1588 vita
981 1517 1168 1605 manebat,

268 1633 417 1738 Quique
438 1633 490 1728 pii
508 1652 627 1722 vates,
653 1655 688 1703 et
708 1630 855 1702 Phoebo
877 1632 985 1730 digna
1002 1633 1136 1719 locuti,

266 1748 435 1818 Inventas
455 1766 516 1819 aut
535 1749 598 1841 qui
616 1749 725 1819 vitam
748 1749 936 1817 excoluere
958 1773 1020 1840 per
1037 1747 1138 1835 artis,

268 1863 416 1967 Quique
437 1864 492 1936 sui
513 1887 693 1934 memores
710 1863 800 1932 alios
820 1860 929 1932 fecere
951 1861 1148 1934 metendos

268 1977 452 2049 Omnibus
470 1979 525 2048 his
542 1978 645 2047 nivea
664 1978 852 2073 cinguntur
870 1996 1034 2071 tempora
1052 1978 1147 2057 vitta,

269 2092 376 2198 Quos
395 2091 627 2164 circumfusos
645 2094 693 2164 sic
714 2109 767 2163 est
784 2091 900 2163 adfata
919 2091 1076 2187 Sibylla;

267 2207 456 2278 Musaeum
477 2226 557 2279 ante
579 2208 699 2280 omnis
720 2237 727 2276 2
757 2207 920 2279 medium
940 2233 1025 2279 nana
1042 2209 1198 2302 plurima
1216 2209 1320 2280 turba

266 2322 375 2393 Hunc
396 2324 523 2413 habet,
547 2343 653 2417 atque
672 2323 829 2394 humeris
849 2343 1047 2395 exstantem
1066 2325 1213 2417 suspicit
1232 2325 1330 2396 altis:

267 2438 409 2527 Dicite,
431 2438 550 2517 felices
568 2440 730 2528 animae,
749 2456 886 2531 tuque,
909 2457 1061 2532 optume
1078 2460 1197 2519 vates;

268 2552 372 2657 Quae
392 2556 488 2652 regio
509 2553 710 2643 Anchisen,
739 2554 821 2645 quis
838 2553 945 2625 habet
963 2555 1064 2623 locus
1084 2553 1099 2622 ?
1130 2554 1225 2626 illius
1245 2579 1328 2653 ergo
1424 2544 1426 2549 ⁵

267 2666 472 2756 Venimus,
498 2691 534 2740 et
550 2694 700 2767 magnos
721 2667 825 2738 Erebi
844 2668 1059 2739 tranavimus
1078 2669 1204 2739 amnis.

267 2780 388 2873 Atque
407 2784 491 2852 huic
510 2808 721 2878 responsum
741 2784 868 2881 paucis
881 2783 928 2855 ita
948 2781 1103 2854 reddidit
1119 2783 1242 2854 heros:

325 2896 428 2967 Nulli
448 2917 539 2969 certa
557 2898 700 2970 domus.
738 2898 827 2970 lucis
844 2897 1047 2970 habitamus
1068 2897 1214 2991 opacis,

266 3011 518 3106 Riparumque
534 3032 633 3086 turos
653 3031 688 3083 et
706 3033 806 3107 prata
824 3012 976 3084 recentia
995 3013 1078 3091 rivis

268 3126 479 3199 Incolimus.
519 3128 581 3199 sed
598 3153 685 3215 vos,
708 3129 737 3199 si
756 3126 822 3199 fert
840 3128 888 3198 ita
907 3127 1014 3198 dorde
1033 3128 1221 3216 voluntas,

267 3240 351 3312 Hoc
372 3263 532 3336 superate
547 3244 701 3340 jugum3
727 3263 762 3314 et
779 3241 874 3313 facili
887 3244 964 3341 jam
984 3244 1123 3314 tramite
1142 3242 1275 3314 sistam.

267 3356 389 3445 Dixit,
411 3375 445 3428 et
462 3377 543 3429 ante
561 3358 643 3428 tulit
662 3381 838 3455 gressum,
859 3383 1083 3451 camposque
1102 3358 1248 3430 nitentis

267 3470 431 3566 Desuper
451 3491 604 3544 ostentat
624 3499 632 3540 :
662 3472 790 3543 dehinc
809 3497 952 3544 summa
973 3473 1157 3544 cacumina
1175 3474 1377 3566 linquunt..

322 3586 370 3659 At
390 3605 488 3681 pater
507 3588 677 3660 Anchises
695 3588 839 3682 penitus
856 3590 1021 3660 convalle
1037 3588 1164 3659 virent-i

265 3704 425 3776 Inclusas
445 3704 603 3790 animas,
634 3728 874 3799 superumque
895 3704 942 3774 ad
961 3706 1085 3774 lumen
1101 3702 1228 3791 ituras,

267 3816 453 3888 Lustrabat
472 3819 590 3889 studio
611 3818 795 3907 recolens,
818 3843 1044 3915 omnemque
1065 3841 1213 3888 suorum

264 3932 370 4003 Forte
389 3933 589 4003 recensebat
609 3957 824 4022 numerum,
849 3957 1021 4033 carosque
1037 3951 1207 4026 nepotes,

265 4047 442 4139 Fataque,
466 4046 697 4140 fortunasque
715 4046 853 4138 virum,
876 4073 1086 4142 moresque,
1106 4071 1317 4140 manusque.

265 4162 374 4254 Isque
396 4161 459 4231 ubi
477 4163 685 4232 tendentem
704 4160 891 4234 adversum
909 4189 972 4257 per
990 4162 1148 4263 gramina
1166 4161 1257 4233 vidit

263 4276 431 4370 Aenean,
450 4277 570 4347 alacris
590 4279 729 4371 palmas
750 4297 915 4371 utrasque
935 4279 1107 4352 tetendit:

263 4391 477 4485 Effusaeque
495 4393 593 4489 genis
610 4392 795 4472 lacrimae;
822 4412 857 4464 et
876 4420 949 4464 vox
969 4394 1101 4466 excidit
1120 4417 1204 4462 ore:

263 4505 405 4577 Venisti
425 4508 589 4598 tandem,
609 4526 742 4601 tuaque
761 4529 914 4602 spectata
933 4509 1070 4605 parenti

267 4616 367 4694 Vicit
388 4623 451 4711 iter¹
469 4624 601 4700 durum
620 4624 734 4717 pietas
757 4625 774 4706 ἓ
803 4624 906 4705 (lanu
926 4651 985 4703 ora
1003 4624 1111 4713 tueri,
