3750 6217
536 788 983 915 sssussnos
1039 795 1121 891 xt
1179 818 1213 866 v.
1266 794 1357 881 sss.
1474 739 1553 887 ³⁸¹3

278 1004 280 1007 -
306 1044 310 1055 Ι
350 954 469 1028 Verba
487 953 706 1054 redarguerit
747 979 886 1027 nomen
905 974 1026 1033 tamen
1044 957 1140 1031 haud
1158 960 1235 1028 leve
1254 976 1398 1051 patntns

350 1069 520 1146 Manibus
535 1071 606 1142 hoc
623 1069 768 1160 referes,
791 1073 865 1142 telo
887 1070 1054 1142 cecidisse
1074 1070 1257 1147 Camillae.

349 1185 525 1259 Proteuus
540 1186 791 1275 Orsilochum,
812 1206 847 1257 et
867 1187 1002 1274 Buten,
1026 1186 1099 1258 duo
1122 1211 1292 1287 maxuma
1312 1186 1493 1275 Teucnim

348 1300 509 1396 Corpora
535 1331 543 1371 :
574 1302 635 1375 sed
656 1302 772 1374 Buten
791 1325 952 1382 aversum
971 1301 1120 1396 cuspide
1138 1303 1215 1373 fixit

346 1415 512 1491 Loricam
530 1419 743 1516 galeamque
760 1418 867 1508 inter,
892 1441 963 1509 qua
983 1417 1077 1489 colla
1097 1418 1252 1493 sedentis

347 1530 505 1621 Lucent,
531 1553 566 1604 et
585 1534 686 1606 laevo
702 1531 883 1628 dependet
902 1548 1024 1626 patrna
1044 1533 1194 1614 lacerto:

346 1646 601 1736 Orsilochum,
623 1646 763 1746 fugiens
782 1671 1031 1746 magnumque
1052 1650 1175 1746 agitata
1195 1670 1257 1741 per
1275 1647 1424 1739 orbem,

344 1760 470 1833 Eludit
489 1788 575 1860 gyro
595 1763 760 1851 interior,
786 1762 1016 1856 sequiturque
1036 1782 1255 1856 sequentem.

344 1877 446 1949 Tum
466 1878 621 1951 validam
642 1901 776 1972 perque
795 1901 890 1980 anna
909 1878 987 1955 viro
1007 1902 1143 1972 perque
1162 1903 1240 1977 ossa
1260 1880 1431 1974 securint,

344 1992 462 2063 Altior
481 2015 690 2090 exsurgens,
712 1992 824 2068 oranti
842 2013 876 2062 et
894 1995 1009 2064 multa
1029 1994 1184 2087 precanti

344 2105 617 2204 congeminata
647 2110 777 2186 volnus
796 2108 913 2189 cal—ido
934 2108 1021 2205 rigat
1041 2133 1102 2179 ora
1119 2107 1272 2185 cerebro.

343 2221 476 2294 Incidit
495 2222 596 2311 huic,
618 2223 812 2316 subitoque
831 2220 1002 2318 adspectu
1021 2223 1159 2296 territus
1179 2223 1293 2306 haesit

340 2334 654 2432 Appenninicolae
673 2338 828 2414 bellator.
842 2338 936 2409 filius
954 2336 1071 2425 Auni,
1341 2418 1344 2422 ¹

341 2449 450 2523 Haud
472 2450 643 2549 Ligurum
662 2436 859 2539 extremus,
884 2451 977 2528 dum
996 2450 1114 2551 fallere
1132 2449 1201 2522 fata
1218 2452 1391 2537 slnebant.

340 2565 533 2663 Isqueuhi
550 2590 587 2638 se
606 2568 709 2644 nullo
724 2569 801 2665 jam
822 2591 923 2637 cursu
943 2566 1089 2637 evadere
1104 2591 1266 2664 pugnam

339 2680 471 2770 Posse,
494 2705 613 2774 neque
630 2683 822 2752 instantem
841 2681 1001 2779 reginam
1019 2700 1169 2763 avertere
1189 2682 1319 2763 cernit;

339 2792 503 2868 Consilio
521 2821 654 2868 versare
671 2797 780 2876 dolos
796 2797 970 2892 ingressus
990 2814 1024 2867 et
1042 2815 1141 2884 astu,

338 2909 471 3004 Incipit
489 2911 574 2981 haec
594 2940 602 2979 ε
634 2908 737 3012 Quid
756 2928 831 2981 tam
852 2910 1051 3008 egregium,
1071 2911 1099 2983 si
1118 2909 1252 2988 femina
1269 2908 1351 2983 forti
1480 2996 1483 3003 1

337 3021 435 3115 Fidis
455 3048 550 3118 equo
572 3026 589 3094 i
618 3024 758 3096 dimitte
775 3021 920 3122 fugam,
936 3043 972 3096 et
989 3044 1024 3096 to
1044 3025 1251 3107 comminus
1269 3050 1388 3118 aequo
1480 3074 1483 3079 -

335 3136 482 3212 Mecum
500 3138 601 3209 crede
621 3139 720 3227 solo,
744 3138 1125 3236 pugnaequeadciuge
1144 3139 1319 3232 pedestris

331 3251 414 3342 Jam
434 3276 580 3342 nosces,
597 3272 744 3325 ventosa
764 3253 849 3331 ferat
868 3255 924 3327 cui
941 3254 1051 3350 glqria
1069 3253 1241 3335 fraudem.¹
1350 3320 1352 3325 .

335 3365 436 3440 Dixit
457 3395 465 3436 t
494 3388 529 3441 at
546 3368 607 3439 illa
626 3367 768 3459 furens,
784 3369 925 3462 acrique
943 3368 1092 3440 adcensa
1111 3369 1261 3458 dolore,

334 3482 459 3555 Tradit
478 3507 615 3577 equom
633 3484 781 3573 comitis,
801 3484 1017 3577 paribusque
1036 3484 1162 3561 resistit
1181 3485 1219 3554 in
1237 3485 1366 3576 armis,

334 3595 427 3669 Ense
445 3598 558 3695 pedes
574 3597 696 3686 nudo,
715 3622 878 3692 putaque.
896 3599 1047 3670 interrita
1064 3623 1196 3692 parma.

332 3711 381 3784 At
394 3713 559 3811 juvenis,
576 3713 706 3793 vicisse
721 3713 810 3785 dolo
829 3733 947 3802 ratus,
970 3715 1090 3797 avolat
1107 3714 1203 3806 ipse,
1247 3704 1250 3713 ¹
1311 3767 1320 3772 .-

332 3825 441 3899 Haud
457 3851 580 3917 mora,
601 3829 852 3922 conversisque
868 3827 978 3925 fugax
996 3827 1149 3901 aufertur
1167 3826 1335 3919 habenis,

333 3938 690 4046 Quadntpedemque
706 3943 817 4020 citum
838 3940 959 4016 ferrata
979 3943 1072 4019 calce
1092 3939 1219 4039 fatigat.

333 4052 438 4128 Vane
459 4055 592 4155 Ligus,
611 4056 806 4151 frustraque
825 4059 955 4139 animis
973 4058 1062 4128 elate
1082 4054 1266 4150 superbis,

334 4169 595 4266 Nequidquam
613 4172 740 4265 patrias
759 4174 901 4251 tentasti
920 4172 1076 4254 lubricus
1092 4171 1193 4262 artist

331 4284 407 4358 Nec
425 4285 516 4357 fraus
535 4307 569 4358 te
588 4287 809 4359 incolumem
830 4283 946 4357 fallaci
969 4285 1116 4381 perferet
1135 4286 1254 4362 Auno.

330 4399 427 4471 Haec
448 4400 539 4471 latur
557 4400 675 4498 virgo,
700 4420 735 4472 et
753 4401 957 4493 pernicibus
976 4403 1077 4500 ignea
1097 4402 1229 4496 plantis

331 4512 475 4591 Transit
491 4541 629 4617 equom
650 4540 753 4587 cursu
768 4569 778 4603 ,
805 4514 986 4610 frenisque
1006 4517 1147 4589 adversa
1163 4521 1345 4613 prehensis

330 4624 590 4729 Congreditur,
605 4654 821 4728 ,poenasque
841 4629 991 4703 inimico
1012 4658 1056 4704 ex
1072 4633 1240 4729 sanguine
1261 4637 1387 4708 sumit:
