3750 6217
521 778 1333 878 AENE1D081X.v.127.
1450 809 1539 904 '313¹

331 953 520 1032 Auxilium
539 959 690 1030 solitum
712 956 841 1053 eripuit
865 983 873 1023 :
902 978 981 1025 non
1002 955 1096 1043 tela,
1121 978 1240 1049 neque
1258 957 1360 1056 ignes

330 1075 547 1168 Exspectant
569 1075 739 1146 Rutulos:
774 1096 859 1168 ergo
878 1071 990 1140 maria
1009 1069 1104 1140 invia
1121 1069 1290 1161 Teucris,

331 1190 408 1260 Nec
430 1215 510 1284 spes
532 1192 604 1260 ulla
627 1188 757 1289 fugae:
785 1211 1008 1297 rerumlpars
1032 1187 1139 1258 altera
1162 1187 1303 1258 ademta
1326 1209 1396 1263 est:

331 1305 442 1376 Terra
462 1324 583 1375 autem
607 1305 646 1374 in
661 1306 791 1375 nostris
810 1300 979 1373 manibus
1000 1316 1006 1369 ':
1036 1321 1091 1373 tot
1107 1303 1244 1392 millia,
1266 1325 1391 1400 gentes

331 1418 441 1492 Arma
463 1417 581 1491 ferunt
605 1420 722 1493 Italae.
766 1420 819 1489 nil
843 1443 903 1486 me
926 1416 1044 1488 fatalia
1065 1437 1215 1507 terrent,

332 1534 370 1606 Si
389 1560 461 1629 qua
484 1535 638 1633 Phryges
655 1561 740 1632 prae
760 1538 796 1606 se
815 1537 971 1632 jactant,
997 1559 1166 1628 responsa
1189 1536 1351 1608 deorum.

334 1650 395 1722 Sat
412 1649 491 1723 fatis
514 1648 722 1745 Venerique
743 1651 867 1722 datum
881 1702 892 1737 ,
906 1649 1062 1748 tetigere
1078 1649 1181 1744 quod
1203 1675 1282 1721 arva

333 1766 474 1837 Fertilis
495 1763 675 1837 Ausoniae
698 1764 820 1837 Troes.
866 1786 949 1836 sunt
970 1787 1005 1835 et
1020 1791 1102 1836 mea
1124 1786 1247 1838 contra

332 1881 417 1953 Fata
436 1881 552 1970 mihi,
574 1880 664 1953 ferro
687 1885 887 1954 sceleratam
912 1881 1114 1952 exscindere
1139 1901 1308 1979 gentem,

337 1997 502 2094 Conjuge
521 2017 704 2091 praerepta
723 2011 731 2066 ':
760 2020 827 2067 nec
847 1997 946 2067 solos
969 1997 1081 2094 tangit
1104 1996 1242 2068 Atridas

337 2114 410 2184 Iste
428 2113 557 2201 dolor,
583 2114 743 2207 solisque
765 2114 847 2183 licet
865 2136 987 2206 capere
1000 2137 1105 2209 ¹arma
1127 2111 1299 2206 Mycenis.

336 2229 406 2316 Sed
429 2229 574 2323 periisse
601 2232 711 2300 semel
737 2229 819 2301 satis
841 2247 901 2298 est.
946 2251 1108 2322 peccasse
1130 2228 1255 2301 fuisset

334 2342 429 2414 Ante
448 2344 548 2432 satis,
570 2342 713 2439 penitus
732 2342 848 2413 modo
869 2366 944 2412 non
965 2367 1075 2440 genus
1096 2371 1206 2415 omne
1225 2364 1374 2438 perosos

334 2458 550 2529 Femineum
574 2488 582 2528 ι
613 2460 745 2553 quibus
765 2458 850 2527 haec
870 2457 983 2528 medii
1003 2458 1133 2530 fiducia
1148 2458 1249 2548 valli,

334 2572 596 2665 Fossatumque
613 2600 757 2663 morae,
783 2573 844 2643 leti
865 2574 1066 2645 discrimina
1082 2600 1211 2669 parva,

335 2688 434 2758 Dant
449 2691 602 2760 animos.
640 2707 675 2760 at
693 2715 768 2760 non
784 2689 948 2759 viderunt
967 2690 1111 2761 moenia
1131 2691 1262 2762 Troiae

337 2803 498 2898 Neptuni
517 2803 682 2876 fabricata
701 2831 813 2876 manu
832 2800 1015 2877 considere
1034 2807 1071 2899 in
1091 2805 1214 2902 ignis?

336 2917 404 2989 Sed
422 2943 509 3007 vos,
530 2944 552 2990 o
574 2920 683 3010 lecti,
708 2919 798 2990 ferro
818 2921 884 3012 qui
907 2920 1064 2992 scindere
1084 2923 1222 2991 vallum

331 3033 512 3128 Adparet,
534 3053 569 3105 et
588 3056 731 3105 mecum
753 3035 889 3106 invadit
906 3018 1117 3130 trepidantia
1135 3037 1278 3107 castra?

239 3186 249 3209 ·
336 3149 423 3219 Non
441 3150 547 3220 armis
567 3149 657 3218 mihi
679 3149 857 3236 Volcani,
880 3175 958 3229 non
977 3147 1078 3222 mille
1099 3152 1225 3222 carinis

337 3263 398 3334 Est
419 3289 513 3357 opus
533 3264 571 3334 in
591 3261 752 3338 Teucros
776 3294 784 3335 :
813 3266 947 3339 addant
967 3293 1003 3339 se
1022 3285 1196 3361 protenus
1216 3287 1345 3342 omnes

337 3379 473 3449 Etrusci
493 3381 620 3452 socios.
660 3381 840 3471 tenebras,
863 3403 898 3454 et
915 3358 1038 3454 inertia
1057 3381 1166 3452 funa-

337 3493 393 3564 Ne
411 3494 581 3575 timeant;
604 3518 670 3567 nec
690 3498 775 3590 equi
786 3522 895 3569 caeca
916 3498 1114 3569 condemur
1132 3499 1169 3568 in
1189 3501 1281 3570 alvo.

338 3608 456 3697 Luce,
481 3611 602 3704 palam
623 3628 758 3683 certum
780 3632 831 3685 est
850 3605 924 3712 igni
944 3612 1161 3686 circumdare
1176 3637 1311 3687 muros.

337 3724 446 3795 Haud
464 3723 532 3796 sibi
551 3752 637 3798 curn
657 3727 791 3800 Danais
808 3751 883 3799 rem
901 3724 984 3800 faxo
1006 3749 1040 3800 et
1059 3728 1156 3824 pube
1175 3724 1320 3828 Pelasga

302 3857 306 3863 ·
338 3840 422 3911 Esse
440 3858 588 3933 putent,
612 3841 809 3916 decumum
829 3869 923 3939 quos
942 3838 1078 3918 distulit
1098 3845 1230 3916 Hector
1249 3846 1455 3918 inermum·

338 3955 444 4025 Nunc
464 3954 578 4046 adeo,
604 3944 734 4030 mellot
752 3961 928 4054 quoniam
948 3986 1028 4056 pars
1046 3979 1119 4032 acta
1138 3961 1231 4050 diei,
1274 3952 1278 3961 “

338 4067 455 4174 Quod
473 4092 651 4163 superest,
671 4075 753 4145 laeti
771 4076 862 4147 bene
879 4078 984 4175 gestis
1004 4070 1151 4172 corpora
1169 4077 1274 4151 rebus

338 4183 547 4274 Procurate,
566 4187 653 4268 viri;
680 4207 716 4260 et
732 4216 891 4288 pugnam
912 4210 1046 4288 sperate
1064 4194 1185 4287 parati.

395 4299 532 4370 Interea
551 4302 703 4399 vigilum
721 4305 879 4379 excubiis
901 4308 1061 4380 obsidere
1079 4326 1198 4402 portas

339 4412 432 4484 Cura
451 4416 553 4487 datur
572 4415 763 4514 Messapo,
787 4441 821 4492 et
838 4424 983 4494 moenia
1001 4426 1138 4522 cingere
1157 4423 1323 4498 flammis.

340 4528 398 4601 Bis
418 4550 580 4624 septem,
606 4534 744 4606 Rutulo
765 4558 889 4609 mutos
910 4539 975 4632 qui
995 4538 1110 4609 milite
1131 4558 1287 4631 servent,

340 4641 476 4719 Delecti
497 4672 505 4717 ι
534 4667 587 4722 ast
604 4647 688 4725 illos
708 4653 847 4723 centeni
857 4676 1053 4759 *quemque
1074 4672 1267 4750 sequuntur

1194 4764 1265 4840 Rr
