<?xml version="1.0" encoding="UTF-8"?>
<!DOCTYPE html PUBLIC "-//W3C//DTD XHTML 1.0 Transitional//EN"
    "http://www.w3.org/TR/xhtml1/DTD/xhtml1-transitional.dtd">
<html xmlns="http://www.w3.org/1999/xhtml" xml:lang="en" lang="en">
 <head>
  <title>
</title>
<meta http-equiv="Content-Type" content="text/html;charset=utf-8" />
  <meta name='ocr-system' content='tesseract 3.04.00' />
  <meta name='ocr-capabilities' content='ocr_page ocr_carea ocr_par ocr_line ocrx_word'/>
</head>
<body>
  <div class='ocr_page' id='page_1' title='image "./publiivirgiliim00brungoog_0085.png"; bbox 0 0 3750 6217; ppageno 0'>
   <div class='ocr_carea' id='block_1_1' title="bbox 715 729 2781 828">
    <p class='ocr_par' dir='ltr' id='par_1_1' title="bbox 715 729 2781 828">
     <span class='ocr_line' id='line_1_1' title="bbox 715 729 2781 828; baseline -0.002 -18"><span class='ocrx_word' id='word_1_1' title='bbox 715 752 813 825; x_wconf 79' lang='lat'>70</span> <span class='ocrx_word' id='word_1_2' title='bbox 1024 729 2071 824; x_wconf 80' lang='lat' dir='ltr'>GEO·RG1coN</span> <span class='ocrx_word' id='word_1_3' title='bbox 2196 730 2315 806; x_wconf 92' lang='lat'>11.</span> <span class='ocrx_word' id='word_1_4' title='bbox 2432 754 2502 805; x_wconf 81' lang='lat' dir='ltr'>v.</span> <span class='ocrx_word' id='word_1_5' title='bbox 2598 754 2781 828; x_wconf 71' lang='lat'>424.</span> 
     </span>
    </p>
   </div>
   <div class='ocr_carea' id='block_1_2' title="bbox 595 895 2945 3878">
    <p class='ocr_par' dir='ltr' id='par_1_2' title="bbox 702 895 2945 1111">
     <span class='ocr_line' id='line_1_2' title="bbox 702 895 2608 999; baseline -0.003 -25"><span class='ocrx_word' id='word_1_6' title='bbox 702 902 870 975; x_wconf 87' lang='lat' dir='ltr'>Hoc</span> <span class='ocrx_word' id='word_1_7' title='bbox 906 901 1259 999; x_wconf 83' lang='lat' dir='ltr'>pinguem</span> <span class='ocrx_word' id='word_1_8' title='bbox 1294 916 1365 972; x_wconf 88' lang='lat' dir='ltr'>et</span> <span class='ocrx_word' id='word_1_9' title='bbox 1397 898 1736 996; x_wconf 84' lang='lat' dir='ltr'>placitam</span> <span class='ocrx_word' id='word_1_10' title='bbox 1767 895 1933 969; x_wconf 87' lang='lat' dir='ltr'>Paci</span> <span class='ocrx_word' id='word_1_11' title='bbox 1973 898 2280 972; x_wconf 89' lang='lat' dir='ltr'>nutritor</span> <span class='ocrx_word' id='word_1_12' title='bbox 2316 898 2608 972; x_wconf 85' lang='lat' dir='ltr'>olivam.</span> 
     </span>
     <span class='ocr_line' id='line_1_3' title="bbox 823 1011 2945 1111; baseline 0 -24"><span class='ocrx_word' id='word_1_13' title='bbox 823 1016 1054 1087; x_wconf 87' lang='lat' dir='ltr'><strong>Poma</strong></span> <span class='ocrx_word' id='word_1_14' title='bbox 1089 1039 1391 1111; x_wconf 89' lang='lat' dir='ltr'>quoque</span> <span class='ocrx_word' id='word_1_15' title='bbox 1417 1069 1438 1105; x_wconf 87' lang='lat'>‚</span> <span class='ocrx_word' id='word_1_16' title='bbox 1485 1031 1567 1085; x_wconf 92' lang='lat' dir='ltr'>ut</span> <span class='ocrx_word' id='word_1_17' title='bbox 1605 1014 1930 1109; x_wconf 90' lang='lat' dir='ltr'>primum</span> <span class='ocrx_word' id='word_1_18' title='bbox 1963 1030 2252 1087; x_wconf 90' lang='lat' dir='ltr'>truncos</span> <span class='ocrx_word' id='word_1_19' title='bbox 2292 1037 2564 1089; x_wconf 84' lang='lat' dir='ltr'>sensere</span> <span class='ocrx_word' id='word_1_20' title='bbox 2598 1011 2945 1105; x_wconf 78' lang='lat' dir='ltr'>valentis,</span> 
     </span>
    </p>

    <p class='ocr_par' dir='ltr' id='par_1_3' title="bbox 701 1128 2733 1463">
     <span class='ocr_line' id='line_1_4' title="bbox 704 1128 2293 1224; baseline -0.002 -18"><span class='ocrx_word' id='word_1_21' title='bbox 704 1133 798 1206; x_wconf 87' lang='lat' dir='ltr'>Et</span> <span class='ocrx_word' id='word_1_22' title='bbox 831 1134 1011 1204; x_wconf 90' lang='lat' dir='ltr'>vires</span> <span class='ocrx_word' id='word_1_23' title='bbox 1047 1128 1355 1202; x_wconf 81' lang='lat' dir='ltr'>habuere</span> <span class='ocrx_word' id='word_1_24' title='bbox 1387 1155 1549 1206; x_wconf 88' lang='lat' dir='ltr'>suas</span> <span class='ocrx_word' id='word_1_25' title='bbox 1571 1182 1594 1221; x_wconf 88' lang='lat'>‚</span> <span class='ocrx_word' id='word_1_26' title='bbox 1638 1130 1731 1200; x_wconf 89' lang='lat' dir='ltr'>ad</span> <span class='ocrx_word' id='word_1_27' title='bbox 1767 1129 1993 1201; x_wconf 88' lang='lat' dir='ltr'>sidera</span> <span class='ocrx_word' id='word_1_28' title='bbox 2028 1130 2293 1224; x_wconf 88' lang='lat' dir='ltr'>raptim</span> 
     </span>
     <span class='ocr_line' id='line_1_5' title="bbox 701 1243 2733 1348; baseline -0.001 -28"><span class='ocrx_word' id='word_1_29' title='bbox 701 1246 806 1321; x_wconf 88' lang='lat' dir='ltr'>Vi</span> <span class='ocrx_word' id='word_1_30' title='bbox 840 1245 1129 1345; x_wconf 89' lang='lat' dir='ltr'>propria</span> <span class='ocrx_word' id='word_1_31' title='bbox 1166 1246 1523 1337; x_wconf 76' lang='lat' dir='ltr'>nituntur,</span> <span class='ocrx_word' id='word_1_32' title='bbox 1570 1245 1883 1341; x_wconf 88' lang='lat' dir='ltr'>opisque</span> <span class='ocrx_word' id='word_1_33' title='bbox 1921 1243 2118 1317; x_wconf 90' lang='lat' dir='ltr'>haud</span> <span class='ocrx_word' id='word_1_34' title='bbox 2152 1244 2396 1348; x_wconf 88' lang='lat' dir='ltr'>indiga</span> <span class='ocrx_word' id='word_1_35' title='bbox 2432 1262 2733 1318; x_wconf 86' lang='lat' dir='ltr'>nostrae.</span> 
     </span>
     <span class='ocr_line' id='line_1_6' title="bbox 704 1361 2609 1463; baseline -0.002 -26"><span class='ocrx_word' id='word_1_36' title='bbox 704 1364 858 1437; x_wconf 88' lang='lat' dir='ltr'>Nec</span> <span class='ocrx_word' id='word_1_37' title='bbox 897 1361 1144 1434; x_wconf 87' lang='lat' dir='ltr'>minus</span> <span class='ocrx_word' id='word_1_38' title='bbox 1182 1362 1444 1436; x_wconf 85' lang='lat' dir='ltr'>interea</span> <span class='ocrx_word' id='word_1_39' title='bbox 1480 1361 1629 1434; x_wconf 88' lang='lat' dir='ltr'>fetu</span> <span class='ocrx_word' id='word_1_40' title='bbox 1667 1385 1928 1433; x_wconf 86' lang='lat' dir='ltr'>nemus</span> <span class='ocrx_word' id='word_1_41' title='bbox 1969 1385 2189 1435; x_wconf 89' lang='lat' dir='ltr'>omne</span> <span class='ocrx_word' id='word_1_42' title='bbox 2229 1361 2563 1463; x_wconf 80' lang='lat' dir='ltr'>gravescit</span> <span class='ocrx_word' id='word_1_43' title='bbox 2583 1414 2609 1452; x_wconf 87' lang='lat'>,</span> 
     </span>
    </p>

    <p class='ocr_par' dir='ltr' id='par_1_4' title="bbox 595 1475 2401 1575">
     <span class='ocr_line' id='line_1_7' title="bbox 595 1475 2401 1575; baseline 0.001 -25"><span class='ocrx_word' id='word_1_44' title='bbox 595 1475 604 1483; x_wconf 80' lang='grc'><strong>’</strong></span> <span class='ocrx_word' id='word_1_45' title='bbox 705 1476 1274 1575; x_wconf 78' lang='lat' dir='ltr'>sanguineisque</span> <span class='ocrx_word' id='word_1_46' title='bbox 1307 1477 1574 1550; x_wconf 90' lang='lat' dir='ltr'>inculta</span> <span class='ocrx_word' id='word_1_47' title='bbox 1608 1475 1868 1548; x_wconf 90' lang='lat' dir='ltr'>rubent</span> <span class='ocrx_word' id='word_1_48' title='bbox 1902 1476 2153 1549; x_wconf 81' lang='lat' dir='ltr'>aviaria</span> <span class='ocrx_word' id='word_1_49' title='bbox 2186 1476 2401 1552; x_wconf 88' lang='lat' dir='ltr'>bacis.</span> 
     </span>
    </p>

    <p class='ocr_par' dir='ltr' id='par_1_5' title="bbox 618 1576 2901 3878">
     <span class='ocr_line' id='line_1_8' title="bbox 618 1576 2525 1690; baseline 0 -25"><span class='ocrx_word' id='word_1_50' title='bbox 618 1576 624 1581; x_wconf 38' lang='lat'>⁵</span> <span class='ocrx_word' id='word_1_51' title='bbox 705 1592 1140 1667; x_wconf 81' lang='lat' dir='ltr'>Tondentur</span> <span class='ocrx_word' id='word_1_52' title='bbox 1183 1584 1428 1690; x_wconf 74' lang='lat' dir='ltr'>cytisi,</span> <span class='ocrx_word' id='word_1_53' title='bbox 1463 1590 1703 1665; x_wconf 88' lang='lat' dir='ltr'>taedas</span> <span class='ocrx_word' id='word_1_54' title='bbox 1743 1586 1916 1663; x_wconf 88' lang='lat' dir='ltr'>silva</span> <span class='ocrx_word' id='word_1_55' title='bbox 1955 1592 2095 1662; x_wconf 88' lang='lat' dir='ltr'>alta</span> <span class='ocrx_word' id='word_1_56' title='bbox 2128 1584 2525 1682; x_wconf 80' lang='lat' dir='ltr'>ministrat,</span> 
     </span>
     <span class='ocr_line' id='line_1_9' title="bbox 707 1698 2711 1808; baseline -0.003 -23"><span class='ocrx_word' id='word_1_57' title='bbox 707 1708 1249 1802; x_wconf 84' lang='lat' dir='ltr'>Pascunturque</span> <span class='ocrx_word' id='word_1_58' title='bbox 1289 1708 1489 1808; x_wconf 88' lang='lat' dir='ltr'>ignes</span> <span class='ocrx_word' id='word_1_59' title='bbox 1525 1698 1909 1796; x_wconf 75' lang='lat' dir='ltr'>nocturni,</span> <span class='ocrx_word' id='word_1_60' title='bbox 1950 1727 2023 1779; x_wconf 88' lang='lat' dir='ltr'>et</span> <span class='ocrx_word' id='word_1_61' title='bbox 2054 1706 2337 1778; x_wconf 88' lang='lat' dir='ltr'>lumina</span> <span class='ocrx_word' id='word_1_62' title='bbox 2373 1705 2711 1779; x_wconf 86' lang='lat' dir='ltr'>fundunt.</span> 
     </span>
     <span class='ocr_line' id='line_1_10' title="bbox 706 1816 2901 1917; baseline -0.002 -18"><span class='ocrx_word' id='word_1_63' title='bbox 706 1825 802 1899; x_wconf 82' lang='lat' dir='ltr'>Et</span> <span class='ocrx_word' id='word_1_64' title='bbox 837 1821 1176 1897; x_wconf 88' lang='lat' dir='ltr'>dubitant</span> <span class='ocrx_word' id='word_1_65' title='bbox 1205 1816 1544 1896; x_wconf 86' lang='lat' dir='ltr'>homines</span> <span class='ocrx_word' id='word_1_66' title='bbox 1583 1842 1801 1896; x_wconf 81' lang='lat' dir='ltr'>serere</span> <span class='ocrx_word' id='word_1_67' title='bbox 1827 1875 1849 1910; x_wconf 90' lang='lat'><strong>,</strong></span> <span class='ocrx_word' id='word_1_68' title='bbox 1907 1839 2123 1915; x_wconf 91' lang='lat' dir='ltr'>atque</span> <span class='ocrx_word' id='word_1_69' title='bbox 2159 1820 2550 1917; x_wconf 86' lang='lat' dir='ltr'>inpendere</span> <span class='ocrx_word' id='word_1_70' title='bbox 2588 1847 2829 1895; x_wconf 87' lang='lat' dir='ltr'>curam</span> <span class='ocrx_word' id='word_1_71' title='bbox 2858 1823 2901 1895; x_wconf 68' lang='grc' dir='ltr'><em>Ρ</em></span> 
     </span>
     <span class='ocr_line' id='line_1_11' title="bbox 709 1924 2830 2046; baseline -0.002 -34"><span class='ocrx_word' id='word_1_72' title='bbox 709 1924 939 2046; x_wconf 64' lang='grc' dir='ltr'>Ωιιίἅ</span> <span class='ocrx_word' id='word_1_73' title='bbox 961 1942 1233 2041; x_wconf 85' lang='lat' dir='ltr'>majora</span> <span class='ocrx_word' id='word_1_74' title='bbox 1269 1963 1523 2034; x_wconf 88' lang='lat' dir='ltr'>sequar</span> <span class='ocrx_word' id='word_1_75' title='bbox 1551 1938 1587 2009; x_wconf 85' lang='lat'>?</span> <span class='ocrx_word' id='word_1_76' title='bbox 1641 1938 1884 2009; x_wconf 79' lang='lat' dir='ltr'>salices</span> <span class='ocrx_word' id='word_1_77' title='bbox 1906 1991 1928 2026; x_wconf 89' lang='lat'><strong>,</strong></span> <span class='ocrx_word' id='word_1_78' title='bbox 1961 1936 2421 2032; x_wconf 85' lang='lat' dir='ltr'>humilesque</span> <span class='ocrx_word' id='word_1_79' title='bbox 2458 1956 2782 2036; x_wconf 85' lang='lat' dir='ltr'>genestae</span> <span class='ocrx_word' id='word_1_80' title='bbox 2804 1989 2830 2027; x_wconf 89' lang='lat'>,</span> 
     </span>
     <span class='ocr_line' id='line_1_12' title="bbox 708 2050 2728 2152; baseline -0.001 -27"><span class='ocrx_word' id='word_1_81' title='bbox 708 2053 861 2140; x_wconf 78' lang='lat' dir='ltr'>Aut</span> <span class='ocrx_word' id='word_1_82' title='bbox 900 2052 1065 2127; x_wconf 90' lang='lat' dir='ltr'>illae</span> <span class='ocrx_word' id='word_1_83' title='bbox 1113 2056 1357 2152; x_wconf 88' lang='lat' dir='ltr'>pecori</span> <span class='ocrx_word' id='word_1_84' title='bbox 1400 2053 1772 2142; x_wconf 83' lang='lat' dir='ltr'>frondem,</span> <span class='ocrx_word' id='word_1_85' title='bbox 1821 2070 1946 2125; x_wconf 88' lang='lat' dir='ltr'>aut</span> <span class='ocrx_word' id='word_1_86' title='bbox 1990 2050 2399 2147; x_wconf 87' lang='lat' dir='ltr'>pastoribus</span> <span class='ocrx_word' id='word_1_87' title='bbox 2436 2051 2728 2124; x_wconf 85' lang='lat' dir='ltr'>umbras</span> 
     </span>
     <span class='ocr_line' id='line_1_13' title="bbox 707 2164 2520 2266; baseline -0.003 -22"><span class='ocrx_word' id='word_1_88' title='bbox 707 2164 1086 2244; x_wconf 83' lang='lat' dir='ltr'>Sufficiunt</span> <span class='ocrx_word' id='word_1_89' title='bbox 1107 2224 1129 2262; x_wconf 85' lang='lat'><strong>,</strong></span> <span class='ocrx_word' id='word_1_90' title='bbox 1180 2194 1577 2266; x_wconf 81' lang='lat' dir='ltr'>sepemque</span> <span class='ocrx_word' id='word_1_91' title='bbox 1619 2168 1783 2241; x_wconf 88' lang='lat' dir='ltr'>satis</span> <span class='ocrx_word' id='word_1_92' title='bbox 1809 2222 1832 2258; x_wconf 89' lang='lat'>,</span> <span class='ocrx_word' id='word_1_93' title='bbox 1879 2185 1952 2240; x_wconf 93' lang='lat' dir='ltr'>et</span> <span class='ocrx_word' id='word_1_94' title='bbox 1992 2168 2259 2263; x_wconf 88' lang='lat' dir='ltr'>pabula</span> <span class='ocrx_word' id='word_1_95' title='bbox 2294 2167 2520 2239; x_wconf 81' lang='lat' dir='ltr'>melli.</span> 
     </span>
     <span class='ocr_line' id='line_1_14' title="bbox 707 2278 2479 2385; baseline -0.003 -26"><span class='ocrx_word' id='word_1_96' title='bbox 707 2284 805 2359; x_wconf 88' lang='lat' dir='ltr'>Et</span> <span class='ocrx_word' id='word_1_97' title='bbox 826 2287 1043 2385; x_wconf 81' lang='lat' dir='ltr'>juvat</span> <span class='ocrx_word' id='word_1_98' title='bbox 1068 2278 1466 2363; x_wconf 86' lang='lat' dir='ltr'>undantem</span> <span class='ocrx_word' id='word_1_99' title='bbox 1496 2283 1697 2356; x_wconf 87' lang='lat' dir='ltr'>buxo</span> <span class='ocrx_word' id='word_1_100' title='bbox 1736 2300 2049 2378; x_wconf 89' lang='lat' dir='ltr'>spectare</span> <span class='ocrx_word' id='word_1_101' title='bbox 2082 2283 2436 2379; x_wconf 84' lang='lat' dir='ltr'>Cytorum</span> <span class='ocrx_word' id='word_1_102' title='bbox 2454 2337 2479 2373; x_wconf 89' lang='lat'>‚</span> 
     </span>
     <span class='ocr_line' id='line_1_15' title="bbox 708 2399 2432 2499; baseline -0.002 -26"><span class='ocrx_word' id='word_1_103' title='bbox 708 2399 1199 2497; x_wconf 86' lang='lat' dir='ltr'>Naryciaeque</span> <span class='ocrx_word' id='word_1_104' title='bbox 1237 2401 1420 2495; x_wconf 88' lang='lat' dir='ltr'>picis</span> <span class='ocrx_word' id='word_1_105' title='bbox 1458 2402 1664 2472; x_wconf 88' lang='lat' dir='ltr'>lucos</span> <span class='ocrx_word' id='word_1_106' title='bbox 1695 2422 1712 2467; x_wconf 77' lang='lat' dir='ltr'>t</span> <span class='ocrx_word' id='word_1_107' title='bbox 1761 2402 1967 2499; x_wconf 91' lang='lat' dir='ltr'>juvat</span> <span class='ocrx_word' id='word_1_108' title='bbox 2003 2424 2161 2470; x_wconf 89' lang='lat' dir='ltr'>arva</span> <span class='ocrx_word' id='word_1_109' title='bbox 2192 2399 2432 2470; x_wconf 89' lang='lat' dir='ltr'>videre</span> 
     </span>
     <span class='ocr_line' id='line_1_16' title="bbox 707 2508 2621 2607; baseline -0.001 -19"><span class='ocrx_word' id='word_1_110' title='bbox 707 2508 887 2589; x_wconf 86' lang='lat' dir='ltr'>Non</span> <span class='ocrx_word' id='word_1_111' title='bbox 923 2518 1151 2591; x_wconf 82' lang='lat' dir='ltr'>rastris</span> <span class='ocrx_word' id='word_1_112' title='bbox 1174 2571 1195 2607; x_wconf 87' lang='lat'>‚</span> <span class='ocrx_word' id='word_1_113' title='bbox 1238 2510 1631 2588; x_wconf 91' lang='lat' dir='ltr'>hominum</span> <span class='ocrx_word' id='word_1_114' title='bbox 1670 2537 1824 2586; x_wconf 88' lang='lat' dir='ltr'>non</span> <span class='ocrx_word' id='word_1_115' title='bbox 1863 2512 1998 2595; x_wconf 90' lang='lat' dir='ltr'>ulli</span> <span class='ocrx_word' id='word_1_116' title='bbox 2039 2512 2361 2586; x_wconf 70' lang='lat' dir='ltr'>obnoxia·</span> <span class='ocrx_word' id='word_1_117' title='bbox 2396 2538 2621 2587; x_wconf 82' lang='lat' dir='ltr'>curae.</span> 
     </span>
     <span class='ocr_line' id='line_1_17' title="bbox 709 2630 2306 2728; baseline -0.001 -26"><span class='ocrx_word' id='word_1_118' title='bbox 709 2632 923 2728; x_wconf 83' lang='lat' dir='ltr'>Ipsae</span> <span class='ocrx_word' id='word_1_119' title='bbox 952 2630 1302 2705; x_wconf 90' lang='lat' dir='ltr'>Caucasio</span> <span class='ocrx_word' id='word_1_120' title='bbox 1343 2631 1608 2704; x_wconf 88' lang='lat' dir='ltr'>steriles</span> <span class='ocrx_word' id='word_1_121' title='bbox 1642 2630 1720 2700; x_wconf 89' lang='lat' dir='ltr'>in</span> <span class='ocrx_word' id='word_1_122' title='bbox 1754 2631 2013 2703; x_wconf 88' lang='lat' dir='ltr'>vertice</span> <span class='ocrx_word' id='word_1_123' title='bbox 2048 2630 2262 2703; x_wconf 86' lang='lat' dir='ltr'>silvae</span> <span class='ocrx_word' id='word_1_124' title='bbox 2283 2683 2306 2720; x_wconf 90' lang='lat'>,</span> 
     </span>
     <span class='ocr_line' id='line_1_18' title="bbox 708 2742 2785 2853; baseline -0 -35"><span class='ocrx_word' id='word_1_125' title='bbox 708 2745 919 2853; x_wconf 75' lang='lat' dir='ltr'>Quas</span> <span class='ocrx_word' id='word_1_126' title='bbox 956 2748 1266 2821; x_wconf 84' lang='lat' dir='ltr'>animosi</span> <span class='ocrx_word' id='word_1_127' title='bbox 1301 2746 1470 2819; x_wconf 89' lang='lat' dir='ltr'>Euri</span> <span class='ocrx_word' id='word_1_128' title='bbox 1501 2742 1799 2820; x_wconf 90' lang='lat' dir='ltr'>adsidue</span> <span class='ocrx_word' id='word_1_129' title='bbox 1836 2743 2316 2845; x_wconf 87' lang='lat' dir='ltr'>franguntque</span> <span class='ocrx_word' id='word_1_130' title='bbox 2351 2743 2731 2841; x_wconf 85' lang='lat' dir='ltr'>feruntque</span> <span class='ocrx_word' id='word_1_131' title='bbox 2764 2793 2785 2838; x_wconf 81' lang='lat'>‚</span> 
     </span>
     <span class='ocr_line' id='line_1_19' title="bbox 708 2859 2428 2960; baseline -0.002 -26"><span class='ocrx_word' id='word_1_132' title='bbox 708 2860 910 2934; x_wconf 85' lang='lat' dir='ltr'>Dant</span> <span class='ocrx_word' id='word_1_133' title='bbox 940 2866 1123 2937; x_wconf 87' lang='lat' dir='ltr'>alios</span> <span class='ocrx_word' id='word_1_134' title='bbox 1159 2859 1337 2937; x_wconf 90' lang='lat' dir='ltr'>aliae</span> <span class='ocrx_word' id='word_1_135' title='bbox 1370 2861 1554 2934; x_wconf 88' lang='lat' dir='ltr'>fetus</span> <span class='ocrx_word' id='word_1_136' title='bbox 1604 2890 1621 2932; x_wconf 76' lang='lat' dir='ltr'>z</span> <span class='ocrx_word' id='word_1_137' title='bbox 1680 2860 1856 2933; x_wconf 88' lang='lat' dir='ltr'>dant</span> <span class='ocrx_word' id='word_1_138' title='bbox 1895 2861 2071 2933; x_wconf 90' lang='lat' dir='ltr'>utile</span> <span class='ocrx_word' id='word_1_139' title='bbox 2108 2862 2428 2960; x_wconf 88' lang='lat' dir='ltr'>lignum,</span> 
     </span>
     <span class='ocr_line' id='line_1_20' title="bbox 701 2971 2772 3077; baseline -0.001 -28"><span class='ocrx_word' id='word_1_140' title='bbox 701 2971 1031 3077; x_wconf 82' lang='lat' dir='ltr'>‘Navigiis</span> <span class='ocrx_word' id='word_1_141' title='bbox 1065 2980 1318 3075; x_wconf 76' lang='lat' dir='ltr'>pinoS‚</span> <span class='ocrx_word' id='word_1_142' title='bbox 1361 2974 1710 3051; x_wconf 87' lang='lat' dir='ltr'>domibus</span> <span class='ocrx_word' id='word_1_143' title='bbox 1747 2976 2192 3073; x_wconf 87' lang='lat' dir='ltr'>cedmmque</span> <span class='ocrx_word' id='word_1_144' title='bbox 2229 2996 2772 3072; x_wconf 86' lang='lat' dir='ltr'>cupressosque..</span> 
     </span>
     <span class='ocr_line' id='line_1_21' title="bbox 709 3092 2661 3190; baseline 0.002 -27"><span class='ocrx_word' id='word_1_145' title='bbox 709 3092 905 3165; x_wconf 90' lang='lat' dir='ltr'>Hinc</span> <span class='ocrx_word' id='word_1_146' title='bbox 940 3096 1180 3169; x_wconf 89' lang='lat' dir='ltr'>radios</span> <span class='ocrx_word' id='word_1_147' title='bbox 1214 3097 1460 3168; x_wconf 87' lang='lat' dir='ltr'>trivere</span> <span class='ocrx_word' id='word_1_148' title='bbox 1494 3095 1706 3184; x_wconf 86' lang='lat' dir='ltr'>rotis,</span> <span class='ocrx_word' id='word_1_149' title='bbox 1742 3092 1914 3165; x_wconf 89' lang='lat' dir='ltr'>hinc</span> <span class='ocrx_word' id='word_1_150' title='bbox 1946 3111 2295 3190; x_wconf 87' lang='lat' dir='ltr'>tympana</span> <span class='ocrx_word' id='word_1_151' title='bbox 2327 3094 2661 3187; x_wconf 87' lang='lat' dir='ltr'>plaustris</span> 
     </span>
     <span class='ocr_line' id='line_1_22' title="bbox 709 3207 2514 3305; baseline 0.001 -27"><span class='ocrx_word' id='word_1_152' title='bbox 709 3207 1082 3305; x_wconf 88' lang='lat' dir='ltr'>Agricolae</span> <span class='ocrx_word' id='word_1_153' title='bbox 1108 3265 1130 3301; x_wconf 88' lang='lat'>‚</span> <span class='ocrx_word' id='word_1_154' title='bbox 1174 3229 1246 3281; x_wconf 90' lang='lat' dir='ltr'>et</span> <span class='ocrx_word' id='word_1_155' title='bbox 1277 3208 1554 3305; x_wconf 86' lang='lat' dir='ltr'>pandas</span> <span class='ocrx_word' id='word_1_156' title='bbox 1589 3209 1855 3282; x_wconf 87' lang='lat' dir='ltr'>ratibus</span> <span class='ocrx_word' id='word_1_157' title='bbox 1889 3233 2194 3302; x_wconf 88' lang='lat' dir='ltr'>posuere</span> <span class='ocrx_word' id='word_1_158' title='bbox 2232 3208 2514 3281; x_wconf 87' lang='lat' dir='ltr'>carinas.</span> 
     </span>
     <span class='ocr_line' id='line_1_23' title="bbox 710 3320 2525 3412; baseline 0 -21"><span class='ocrx_word' id='word_1_159' title='bbox 710 3320 1137 3396; x_wconf 79' lang='lat' dir='ltr'>viminibus</span> <span class='ocrx_word' id='word_1_160' title='bbox 1170 3324 1413 3394; x_wconf 86' lang='lat' dir='ltr'>salices</span> <span class='ocrx_word' id='word_1_161' title='bbox 1450 3321 1799 3396; x_wconf 88' lang='lat' dir='ltr'>fecundae</span> <span class='ocrx_word' id='word_1_162' title='bbox 1823 3376 1845 3412; x_wconf 88' lang='lat'><strong>,</strong></span> <span class='ocrx_word' id='word_1_163' title='bbox 1890 3321 2267 3397; x_wconf 85' lang='lat' dir='ltr'>frondibus</span> <span class='ocrx_word' id='word_1_164' title='bbox 2302 3322 2525 3394; x_wconf 63' lang='lat' dir='ltr'>ulmi}</span> 
     </span>
     <span class='ocr_line' id='line_1_24' title="bbox 710 3433 2441 3529; baseline 0.001 -21"><span class='ocrx_word' id='word_1_165' title='bbox 710 3433 809 3508; x_wconf 84' lang='lat' dir='ltr'>At</span> <span class='ocrx_word' id='word_1_166' title='bbox 841 3454 1116 3529; x_wconf 85' lang='lat' dir='ltr'>myrtus</span> <span class='ocrx_word' id='word_1_167' title='bbox 1151 3435 1407 3508; x_wconf 88' lang='lat' dir='ltr'>validis</span> <span class='ocrx_word' id='word_1_168' title='bbox 1438 3434 1852 3526; x_wconf 84' lang='lat' dir='ltr'>hastilibus,</span> <span class='ocrx_word' id='word_1_169' title='bbox 1902 3454 1974 3508; x_wconf 89' lang='lat' dir='ltr'>et</span> <span class='ocrx_word' id='word_1_170' title='bbox 2011 3436 2205 3509; x_wconf 89' lang='lat' dir='ltr'>bona</span> <span class='ocrx_word' id='word_1_171' title='bbox 2240 3436 2441 3510; x_wconf 90' lang='lat' dir='ltr'>bello</span> 
     </span>
     <span class='ocr_line' id='line_1_25' title="bbox 713 3548 2439 3646; baseline 0.003 -26"><span class='ocrx_word' id='word_1_172' title='bbox 713 3548 997 3622; x_wconf 89' lang='lat' dir='ltr'>Cornus</span> <span class='ocrx_word' id='word_1_173' title='bbox 1031 3578 1047 3620; x_wconf 90' lang='lat'>:</span> <span class='ocrx_word' id='word_1_174' title='bbox 1106 3551 1427 3623; x_wconf 87' lang='lat' dir='ltr'>Ituraeos</span> <span class='ocrx_word' id='word_1_175' title='bbox 1465 3552 1612 3623; x_wconf 86' lang='lat' dir='ltr'>taxi</span> <span class='ocrx_word' id='word_1_176' title='bbox 1651 3570 2074 3646; x_wconf 76' lang='lat' dir='ltr'>torquentur</span> <span class='ocrx_word' id='word_1_177' title='bbox 2106 3554 2184 3624; x_wconf 88' lang='lat' dir='ltr'>in</span> <span class='ocrx_word' id='word_1_178' title='bbox 2224 3578 2439 3627; x_wconf 85' lang='lat' dir='ltr'>arcus.</span> 
     </span>
     <span class='ocr_line' id='line_1_26' title="bbox 710 3663 2305 3739; baseline 0.001 -3"><span class='ocrx_word' id='word_1_179' title='bbox 710 3663 869 3737; x_wconf 90' lang='lat' dir='ltr'>Nec</span> <span class='ocrx_word' id='word_1_180' title='bbox 906 3664 1100 3737; x_wconf 89' lang='lat' dir='ltr'>tiliae</span> <span class='ocrx_word' id='word_1_181' title='bbox 1133 3666 1323 3739; x_wconf 93' lang='lat' dir='ltr'>leves</span> <span class='ocrx_word' id='word_1_182' title='bbox 1361 3685 1485 3739; x_wconf 88' lang='lat' dir='ltr'>aut</span> <span class='ocrx_word' id='word_1_183' title='bbox 1519 3684 1736 3739; x_wconf 88' lang='lat' dir='ltr'>torno</span> <span class='ocrx_word' id='word_1_184' title='bbox 1777 3667 1981 3738; x_wconf 89' lang='lat' dir='ltr'>rasile</span> <span class='ocrx_word' id='word_1_185' title='bbox 2019 3665 2305 3739; x_wconf 85' lang='lat' dir='ltr'>buxum</span> 
     </span>
     <span class='ocr_line' id='line_1_27' title="bbox 708 3777 2696 3878; baseline 0.005 -29"><span class='ocrx_word' id='word_1_186' title='bbox 708 3777 889 3851; x_wconf 91' lang='lat' dir='ltr'>Non</span> <span class='ocrx_word' id='word_1_187' title='bbox 921 3778 1232 3853; x_wconf 88' lang='lat' dir='ltr'>formam</span> <span class='ocrx_word' id='word_1_188' title='bbox 1268 3781 1638 3878; x_wconf 88' lang='lat' dir='ltr'>adcipiunt</span> <span class='ocrx_word' id='word_1_189' title='bbox 1659 3837 1681 3873; x_wconf 88' lang='lat'>‚</span> <span class='ocrx_word' id='word_1_190' title='bbox 1722 3780 2052 3876; x_wconf 86' lang='lat' dir='ltr'>ferroque</span> <span class='ocrx_word' id='word_1_191' title='bbox 2093 3802 2429 3856; x_wconf 85' lang='lat' dir='ltr'>cavantur</span> <span class='ocrx_word' id='word_1_192' title='bbox 2465 3804 2696 3860; x_wconf 89' lang='lat' dir='ltr'>acuto.</span> 
     </span>
    </p>
   </div>
   <div class='ocr_carea' id='block_1_3' title="bbox 183 3916 3303 5676">
    <p class='ocr_par' dir='ltr' id='par_1_6' title="bbox 183 3916 3303 5676">
     <span class='ocr_line' id='line_1_28' title="bbox 183 3916 3303 5676; baseline 0 0"><span class='ocrx_word' id='word_1_193' title='bbox 183 3916 3303 5676; x_wconf 95' lang='lat' dir='ltr'> </span> 
     </span>
    </p>
   </div>
  </div>
 </body>
</html>
