3750 6217
293 848 380 907 vm

292 1013 359 1071 tota
394 993 714 1085 Grammaticorum,
743 991 1062 1092 ludimagistmrum,
1090 989 1289 1067 librariorum
1317 1015 1401 1090 gens
1431 997 1501 1098 ejus

283 1116 435 1216 poimata
456 1113 600 1210 quaestui
618 1111 789 1203 labuerit,
814 1138 910 1211 eaque
932 1114 1002 1184 sola
1029 1115 1152 1214 saepius
1175 1112 1333 1211 descn‘pta
1345 1107 1502 1208 fuerint.

291 1253 386 1327 quam
399 1246 568 1299 ceterorum
577 1228 673 1297 simul
685 1230 994 1329 amniumpai'tarurn
1008 1231 1172 1316 carmina,
1191 1217 1235 1297 tot
1252 1228 1362 1298 alienis
1375 1227 1505 1298 laciniis

290 1338 612 1443 interpolatafitisse,
628 1343 746 1413 mirum
763 1362 817 1415 est.
859 1346 988 1439 integri
999 1369 1108 1419 uersus
1129 1345 1245 1414 intrusi
1254 1339 1376 1439 suere,
1401 1363 1437 1414 ut
1456 1360 1506 1415 cst

291 1459 345 1530 ille
363 1459 396 1528 in
417 1456 649 1549 Georgicorum
662 1458 715 1529 11.
739 1481 783 1531 ια
794 1480 838 1549 5,
855 1484 947 1557 quem
971 1463 1078 1557 quouis
1094 1461 1228 1561 pignore
1254 1459 1467 1530 contenderim
1486 1480 1505 1528 e

282 1595 373 1676 pura
391 1571 516 1666 Virgilii
529 1593 612 1643 uena
628 1595 691 1658 non
696 1571 845 1665 fluxisse.
885 1576 1041 1670 Praefixit
1064 1577 1145 1645 alius
1163 1575 1298 1645 deneidi
1308 1575 1501 1672 prologum:

296 1689 461 1783 Georgicis
480 1686 633 1786 epilogum
649 1687 869 1776 adsuit-alius,
890 1707 1054 1786 utrumque
1066 1689 1240 1776 insulsm
1255 1689 1503 1786 Poimatesmque

255 1791 268 1804 ³
292 1822 326 1876 et
341 1804 442 1904 ipsius
460 1802 587 1895 Virgilii
598 1803 759 1895 gravitate
775 1803 953 1898 indignum·
997 1803 1088 1919 Quos
1112 1798 1309 1900 imperfectos
1333 1804 1505 1899 reliquerat

291 1916 328 1990 in
354 1914 493 1990 Aeneide
525 1942 666 2007 uersus,
700 1937 860 2015 tamquam
880 1920 1027 2019 picturae
1059 1919 1134 1989 olim
1165 1916 1370 1987 absolvendae
1392 1921 1506 2017 prima

290 2033 503 2122 lineamenta,
522 2035 669 2104 certatim
682 2036 803 2133 expiem
820 2054 932 2106 conata
951 2052 998 2106 est
1009 2033 1301 2125 ludimagistrorurn
1321 2036 1505 2111 temeritas:

291 2172 425 2248 quorum
449 2151 555 2247 inepta
584 2169 758 2219 commenta
778 2149 928 2248 pleraque
955 2151 1082 2250 explosa
1098 2145 1237 2245 suerunt
1261 2149 1505 2246 aperitioribus

291 2265 398 2353 viris,
428 2265 484 2361 qui
501 2265 654 2333 severiore
679 2289 755 2334 cura
780 2266 923 2335 codicum
952 2291 1036 2336 nunc
1057 2264 1249 2335 exstantium
1269 2265 1506 2360 antiquissimos

293 2396 505 2452 correxerunt.
540 2377 613 2448 Nec
634 2396 737 2450 tomen
754 2381 803 2450 illi
810 2376 967 2476 fraudem
990 2401 1113 2451 omnem
1127 2398 1358 2480 persenserunt.
1388 2380 1505 2450 Remo·

292 2511 370 2566 nent
394 2494 477 2564 euim
498 2492 694 2563 lrcmisticlria
718 2495 861 2591 aliquot,
892 2517 972 2592 quae
1000 2495 1126 2592 siquis
1160 2495 1317 2587 Virgilio,
1344 2494 1505 2566 scribendi

293 2610 415 2707 impeta
434 2607 580 2706 abrepto,
604 2610 652 2679 sis
673 2611 827 2681 excidisse
849 2612 1038 2698 contendat,
1061 2610 1148 2680 baud
1170 2629 1273 2680 tamen
1296 2610 1501 2702 effrerirur,

294 2724 531 2816 castigatiorem
562 2726 829 2821 venustioremque
860 2721 1002 2795 habitum
1040 2726 1193 2796 indutura
1221 2724 1280 2793 illa
1298 2720 1438 2820 fuisse,
1473 2725 1504 2795 si

286 2835 453 2940 praeclaro
471 2839 579 2937 operi,
596 2838 868 2936 pulcherrimaque
882 2837 1162 2937 omniumfutrrro,
1181 2857 1353 2909 extremam
1373 2863 1504 2909 manurn

293 2950 413 3051 amisere
427 2954 632 3052 imposuisset.
670 2941 772 3025 istius
784 2957 913 3049 generis
935 2958 1063 3045 omnia,
1089 2980 1167 3052 quae
1183 2971 1327 3053 suspecta
1350 2955 1503 3050 quidem,

293 3069 383 3141 baud
402 3088 505 3141 tamen
538 3070 681 3142 convicta
702 3068 836 3169 fraudis
867 3090 972 3149 suntr
1003 3071 1254 3169 qubndoquidem
1280 3070 1405 3141 diversa
1430 3090 1505 3140 sunt

294 3184 455 3255 bominum
458 3186 606 3285 judicia,
623 3187 872 3284 invidiosumque
886 3206 968 3259 esset
980 3190 1096 3278 nimis,
1118 3189 1165 3275 si,
1183 3187 1267 3283 quod
1277 3188 1342 3284 ipse
1354 3187 1503 3265 damnes,

294 3289 459 3368 aliusnon
485 3302 573 3369 siuas
597 3300 765 3397 probarer
796 3304 922 3393 integra
947 3304 1068 3396 reliqui.
1118 3302 1263 3369 Tametsi
1286 3324 1360 3368 uara
1390 3300 1501 3370 luorum

291 3413 465 3510 quidquam
498 3413 658 3482 sustollere
685 3414 766 3482 milri
798 3414 909 3508 religio
927 3411 1028 3509 suit,
1060 3412 1147 3481 baud
1173 3430 1277 3480 tamen
1311 3413 1504 3483 committere

293 3546 429 3624 aequum
456 3527 592 3615 sensui,
622 3541 658 3595 ut
686 3526 800 3596 talibus
827 3526 983 3614 naeniis,
1015 3550 1093 3622 quas
1120 3547 1177 3614 ego
1206 3522 1337 3593 minime
1370 3523 1503 3616 Virgilio

293 3659 438 3739 acceptas
439 3635 534 3736 sero,
548 3633 765 3711 delicatiorum
781 3642 930 3711 lectorum
943 3639 1084 3737 uoluptas
1098 3652 1352 3736 corrumperetur.
1364 3638 1503 3713 Proinde

291 3759 403 3857 spuria
415 3757 471 3826 illo
486 3756 602 3827 excudi
617 3757 664 3827 ita
679 3757 806 3844 curari,
826 3774 862 3827 ut
874 3756 929 3851 qui
945 3780 983 3825 ea
998 3753 1212 3841 contemserit,
1229 3775 1335 3823 eorum
1349 3757 1502 3827 rationem

292 3874 413 3944 nullam
434 3871 547 3943 babere
564 3871 667 3970 possit
679 3901 693 3951 ,⁴
723 3872 780 3968 qui
796 3897 872 3945 uero
879 3871 986 3971 pluris
1006 3895 1066 3959 ea,
1093 3893 1187 3964 quarn
1206 3893 1285 3963 ego,
1300 3859 1443 3966 sicerit,
1467 3873 1503 3944 in

292 4007 457 4060 nunceroto
475 3987 532 4057 illo
546 3988 667 4059 lrabeat.

304 4129 308 4134 ’
350 4103 509 4203 Exspecto
538 4104 696 4199 quodnam
722 4098 874 4199 futurum
900 4104 945 4175 sit
974 4102 1187 4175 Eruditarum
1213 4100 1252 4173 de
1281 4101 1342 4175 lac
1367 4105 1501 4176 editione

285 4218 477 4318 judicium,
509 4218 619 4314 quibus
648 4220 679 4289 si
703 4221 854 4291 rodonem
883 4239 978 4315 quam
1004 4238 1131 4290 secutus
1159 4239 1231 4287 sum
1261 4217 1498 4317 adprobarem,

293 4357 419 4431 operam
434 4332 537 4421 dabo,
554 4353 590 4404 ut
604 4332 854 4433 eademfirnna,
877 4335 1049 4432 iisdemque
1062 4335 1114 4406 vel
1131 4334 1384 4405 concinniaribus
1397 4335 1501 4406 adbuc

293 4451 373 4549 typis
389 4472 483 4545 quam
493 4448 740 4521 emendatissimi
751 4451 910 4550 prodeant
923 4452 982 4521 alii
990 4451 1105 4522 Paitae
1121 4450 1234 4519 Latini
1243 4451 1499 4546 praestantiores.

347 4563 481 4643 Dorou
495 4566 699 4662 Argentorati
726 4566 874 4644 Calendis
884 4566 1044 4680 januarii
1064 4567 1108 4639 M
1114 4564 1152 4639 D
1167 4565 1196 4641 C
1205 4564 1234 4638 C
1240 4563 1314 4636 LX
1320 4566 1356 4638 X
1362 4565 1442 4638 XV.
