3750 6217
296 940 446 1014 ¹Multum
468 964 518 1013 me
539 927 573 1014 in
592 924 780 1014 Burmanni
795 942 928 1027 editiore
946 943 1077 1040 offendit
1092 941 1329 1045 orthographiae
1346 946 1452 1018 incon·

247 1061 389 1148 stantia,
410 1058 456 1130 ad
474 1058 594 1130 nullom
621 1078 739 1130 certam
759 1061 913 1132 rationem
930 1077 1088 1149 exactae,
1116 1061 1206 1159 eujus
1228 1077 1331 1130 tomen
1358 1086 1456 1133 unum

250 1194 385 1246 tenorem
416 1191 448 1246 et
473 1174 513 1243 ab
545 1176 611 1274 ipso
637 1191 762 1245 auctore
792 1191 823 1245 et
849 1200 870 1245 a
891 1174 1092 1273 peritioribus
1121 1173 1290 1271 quibusque
1319 1175 1457 1249 librariis

240 1306 393 1389 perpetuo
417 1291 547 1360 seruari
572 1287 738 1378 debuisse,
766 1313 856 1360 nemo
885 1307 932 1359 est
955 1290 1010 1387 qui
1029 1313 1092 1363 non
1115 1290 1238 1359 serdot.
1286 1290 1380 1362 Vetus
1399 1292 1456 1363 illa

248 1405 406 1498 Augustei
429 1404 502 1475 aeui
527 1402 745 1502 ortltegraplsia
764 1455 775 1492 ,
794 1400 931 1504 pessimo
960 1404 1099 1503 exemplo
1125 1403 1313 1503 aplurimss
1339 1405 1457 1480 Poitas

248 1517 423 1590 editoribus
454 1518 630 1611 neglecta,
664 1541 726 1590 nors
754 1522 832 1589 satis
862 1537 1013 1590 accurato
1045 1519 1209 1611 diligentia
1243 1517 1282 1588 ab
1318 1518 1456 1603 Heinsio

249 1627 490 1731 exploratafisit.
511 1631 648 1703 Formas
661 1632 831 1743 complures
846 1651 1025 1705 constanter
1033 1633 1155 1704 exbibet
1164 1632 1329 1707 Msdiceus
1342 1635 1455 1725 cadere,

249 1771 384 1846 quartem
402 1748 524 1846 partim
552 1748 605 1820 ille
628 1773 699 1819 roro
723 1748 904 1837 brisuensis,
925 1751 1079 1849 pertr'rn,
1110 1747 1194 1844 quod
1217 1749 1310 1821 ualde
1332 1752 1454 1838 miror,

243 1888 377 1964 prorsus
397 1864 567 1936 contemsit.
603 1864 646 1935 ln
666 1863 714 1933 leis
727 1889 793 1957 ¹ego
814 1865 995 1961 antiquitati
1009 1864 1216 1935 insistendum
1236 1864 1341 1954 duxi,
1365 1885 1455 1936 netu·

181 2028 184 2041 .
249 1979 514 2075 stissimononque
545 1978 726 2067 libramen,
757 2004 889 2076 quorum
924 1996 1013 2050 aetas
1028 1979 1159 2050 -Poitae
1184 2004 1296 2051 aeuum
1325 1982 1457 2079 propius

251 2094 409 2187 adtingit,
427 2111 457 2164 et
473 2095 759 2165 Grammaticonrm
769 2096 989 2166 auctoritatem
1000 2111 1145 2182 secutus,
1157 2093 1323 2166 sedulitate
1338 2113 1457 2191 quanta

243 2211 338 2310 potui
349 2205 787 2305 manirnagenuinasformas
806 2209 959 2283 moseri.
989 2208 1073 2283 lnde
1092 2227 1158 2298 est,
1174 2208 1259 2305 quod
1270 2205 1320 2280 bic
1333 2234 1458 2309 semper

249 2325 340 2420 legas
364 2321 478 2413 baca,
513 2349 574 2396 non
598 2322 733 2414 bacca,
760 2325 842 2397 unde
868 2323 1035 2397 bacatum
1061 2323 1232 2400 monile:
1261 2346 1455 2422 praegnas,

251 2464 314 2512 nors
345 2463 576 2537 praegnans:
606 2442 795 2538 conjunx,
823 2439 984 2530 totiens,
1016 2437 1215 2533 quotiens,
1248 2437 1456 2518 obtunsus;

251 2556 375 2653 alioque
396 2555 432 2627 id
448 2581 573 2650 genus,
598 2556 637 2627 de
660 2555 770 2653 quibus
786 2556 971 2650 singulatim
993 2579 1118 2627 monere
1141 2553 1229 2628 baud
1241 2555 1382 2653 pretium
1410 2570 1458 2627 est

251 2695 381 2771 operae,
400 2696 496 2768 quom
514 2672 568 2744 sel
584 2697 601 2742 e
619 2667 864 2768 trecasenum
885 2670 958 2745 illae
979 2671 1195 2758 innotescant,
1216 2669 1456 2767 Mediceumque

252 2786 392 2858 codicem
412 2787 571 2861 consulere
590 2811 680 2859 nemo
693 2812 754 2857 non
762 2789 886 2886 possit,
905 2787 1052 2882 beneficio
1069 2782 1140 2860 Pet.
1153 2782 1271 2857 Fraus.
1283 2783 1455 2883 Fogginii,

251 2902 308 2999 qui
326 2902 410 2976 illius
430 2905 573 3002 exonpla
587 2902 792 2999 pervulgarit
812 2901 890 3000 typis
911 2925 1037 2972 excusa.
1455 2887 1458 2891 ⁴

309 3016 353 3087 ln
367 3012 480 3112 sorum
500 3018 751 3089 accusatiuorum
764 3014 939 3116 pluralium
964 3017 1073 3088 tertiae
1097 3013 1312 3087 declinationis
1334 3017 1366 3083 in
1394 3013 1458 3090 ES

254 3147 288 3202 et
304 3130 338 3199 in
355 3131 403 3199 IS
421 3133 601 3200 exeuntium
618 3131 749 3199 nimium
765 3128 826 3198 sibi
838 3128 971 3198 indulsit
981 3127 1057 3198 Nic.
1070 3128 1246 3216 Heinsius,
1263 3129 1321 3197 boc
1335 3129 1458 3200 nomine

254 3258 415 3342 correptus
436 3241 476 3311 ab
500 3243 759 3312 eminentissimae
787 3242 950 3312 doctrinae
976 3243 1045 3312 uiro
1061 3224 1080 3329 ,¹
1096 3242 1238 3313 Romano
1263 3240 1457 3332 Cardinali,

254 3357 361 3431 Henr.
384 3356 506 3446 Naris,
529 3355 808 3429 Conmentan'iad
827 3355 1150 3456 CenotapbiaPisana
1159 3381 1196 3455 p.
1217 3376 1310 3451 4'59.
1346 3355 1460 3429 Verum

190 3509 193 3515 ¹
253 3474 286 3546 si
302 3475 373 3570 qous
381 3471 524 3543 Medicei
541 3470 659 3543 rodeis
678 3471 852 3570 exemplum
869 3471 996 3543 adtente
1013 3471 1201 3572 perlustret,
1227 3471 1460 3561 animadvertet

252 3588 416 3660 librarium
444 3587 546 3686 iusum
573 3586 682 3657 literas
703 3586 740 3658 E
761 3604 793 3657 st
814 3587 839 3658 1
862 3605 975 3659 temere
994 3605 1181 3687 permutare
1200 3588 1326 3657 solitum
1338 3582 1455 3683 juisse.

253 3703 349 3776 Nileil
367 3705 472 3800 itaque
497 3701 577 3773 mibi
605 3702 702 3773 tutius
727 3703 831 3774 vuum
859 3719 939 3792 est,
965 3727 1060 3798 quam
1078 3703 1345 3801 praestantissimi
1374 3702 1460 3776 illius

252 3819 372 3892 codicis
393 3820 581 3917 scripturam
607 3817 653 3889 ad
670 3819 897 3914 grammaticos
922 3840 1059 3888 cenonas
1083 3819 1235 3910 exigere,
1263 3840 1322 3887 nec
1351 3817 1459 3888 inuitis

254 3933 409 4008 sensibus
427 3934 513 4005 libris
527 3933 776 4006 tenninationem
786 3957 850 4032 per
863 3932 913 4003 IS
932 3931 1117 4020 obtmdere,
1136 3930 1190 4003 ubi
1205 3954 1245 4002 ex
1262 3931 1346 4002 illius
1363 3931 1459 4004 ambi·

236 4051 376 4145 ,gnitate
395 4047 566 4121 obscuritas
585 4051 755 4120 sententiae
770 4046 893 4142 qffimdl
903 4047 1013 4146 possit.

315 4163 482 4237 Genuinas
494 4160 623 4261 serenas
641 4180 823 4263 perspectas
840 4160 952 4234 babere
974 4162 1108 4236 multum
1132 4163 1260 4235 interest
1277 4161 1323 4233 ad
1342 4161 1459 4235 Poitae

256 4297 376 4351 certares
399 4279 645 4350 emendationem
669 4296 700 4350 et
725 4278 989 4378 supposititiorum
1015 4302 1163 4352 uersuum
1191 4277 1457 4371 indagationem,

255 4394 366 4492 quales
394 4395 428 4464 in
458 4395 586 4487 Virgilio
612 4393 755 4493 plures,
783 4416 879 4490 quam
904 4395 938 4464 in
970 4396 1078 4489 quouis
1105 4394 1166 4478 alio
1195 4393 1312 4467 latino
1328 4395 1458 4493 poita,

256 4526 434 4581 occurrunt.
469 4509 596 4583 Cenon
611 4526 675 4599 est,
691 4511 723 4582 si
736 4508 820 4607 quod
831 4507 939 4597 aliud,
958 4505 1184 4607 manifestaque
1197 4511 1229 4580 in
1242 4509 1311 4579 luce
1319 4508 1460 4607 positum

246 4650 280 4699 ,a
303 4648 425 4697 sursum
450 4624 566 4698 Critias
591 4623 723 4701 RICH.
749 4621 1010 4698 BENTLEIO
1035 4626 1070 4696 in
1092 4627 1220 4718 egregia
1245 4623 1290 4695 ad
1319 4621 1464 4695 Terentii

254 4740 417 4816 'abodrim
434 4738 571 4812 notall.
595 4761 627 4812 ι,
645 4761 709 4815 so.
733 4762 758 4800 ⁶⁸
772 4738 896 4827 Veteres
909 4740 942 4812 in
953 4739 1128 4819 nominibus
1136 4739 1338 4812 substantivis
1348 4759 1461 4812 exeun·
