3750 6217
723 718 878 789 130
1147 686 2667 791 AENE1D051.v.549.

712 862 1101 933 Poeniteat.
1188 878 1356 932 sunt
1392 879 1461 931 et
1493 861 1747 934 Siculis
1785 860 2196 958 regionibus
2234 859 2480 947 urbes,

711 976 1038 1070 Arvaque
1062 1030 1083 1063 ‚
1121 974 1591 1071 Troianoque
1627 1003 1666 1046 a
1702 977 2045 1073 sanguine
2081 977 2305 1047 clarus
2343 972 2647 1045 Acestes.
2690 1006 2701 1019 ·

711 1091 1142 1196 Quassatam
1180 1091 1407 1169 ventis
1446 1094 1652 1163 liceat
1681 1090 2074 1163 subducere
2109 1092 2441 1178 classem,

709 1209 802 1281 Et
840 1207 1032 1279 silvis
1071 1222 1305 1300 aptare
1337 1208 1564 1279 trabes
1593 1261 1615 1296 ,
1654 1225 1724 1277 et
1755 1207 2086 1304 stringere
2122 1229 2403 1283 remon

709 1323 783 1395 Si
817 1323 1022 1394 datur
1057 1321 1379 1412 Italiam,
1421 1323 1630 1395 sociis
1667 1340 1740 1392 et
1771 1346 1929 1419 rege
1968 1337 2289 1415 recepte,

707 1438 1038 1509 Tendere
1064 1491 1085 1527 ,
1133 1453 1216 1508 ut
1264 1437 1547 1509 Italiam
1588 1437 1751 1508 laeti
1786 1436 2224 1530 Latiumque
2258 1438 2633 1530 petamus-2

707 1554 834 1626 Sin
867 1553 1192 1624 absumta
1233 1553 1459 1643 salus,
1495 1570 1566 1624 et
1602 1571 1672 1624 te
1695 1606 1716 1642 ,
1761 1571 1962 1646 pater
2001 1569 2303 1645 optume
2340 1548 2702 1621 Teucrtun
2725 1602 2753 1641 ,

709 1671 987 1741 Pontus
1021 1667 1235 1737 habet
1268 1663 1538 1764 Libyae
1561 1721 1582 1757 ‚
1632 1691 1767 1737 nec
1807 1691 1968 1761 spes
1994 1669 2146 1764 jam
2182 1682 2391 1738 restat
2426 1663 2615 1743 Iuli;

706 1786 803 1855 At
841 1782 1009 1853 freta
1050 1780 1365 1864 Sicaniae
1405 1786 1696 1871 saltem,
1745 1781 2091 1875 sedesque
2128 1800 2436 1875 paratu,

707 1899 920 1970 Unde
956 1898 1097 1969 huc
1137 1897 1457 1987 advecti,
1509 1922 1894 1995 regemque
1927 1914 2256 1990 petamus
2285 1895 2607 1974 Acesten,

708 2013 1009 2087 Talibus
1049 2013 1391 2087 Ilioneus.
1469 2013 1704 2092 cuncti
1744 2011 1965 2084 simul
2002 2035 2121 2083 ore
2162 2009 2559 2085 fremebant

706 2128 1173 2211 Dardanidae.

823 2245 1024 2315 Tum
1062 2243 1362 2318 breviter
1400 2244 1598 2317 Dido
1625 2299 1646 2333 ‚
1685 2246 1974 2316 voltum
2007 2243 2317 2315 demissa
2340 2295 2362 2331 ‚
2404 2239 2771 2336 profanu:

706 2360 976 2437 Solvite
1012 2358 1226 2436 corde
1259 2380 1540 2433 metum
1563 2415 1584 2451 ,
1627 2361 1887 2432 Teucri
1921 2388 1937 2428 ε
1999 2356 2339 2431 secludite
2376 2381 2589 2429 curas.

703 2476 850 2549 Res
889 2474 1106 2565 dura,
1145 2492 1216 2547 et
1247 2478 1441 2575 regni
1478 2476 1756 2548 novitas
1784 2498 1907 2547 me
1938 2475 2106 2547 talia
2146 2490 2416 2574 cogunt

703 2590 948 2673 Moliri
978 2645 1001 2681 ‚
1046 2608 1117 2662 et
1151 2592 1288 2663 late
1322 2592 1486 2664 finis
1524 2588 1824 2665 eustoch
1861 2591 2060 2671 tueri.

705 2705 897 2813 Quis
936 2730 1158 2805 genus
1195 2705 1658 2796 Aeneadum,
1706 2707 1871 2801 quis
1905 2706 2166 2778 Troiae
2202 2705 2469 2779 nesciat
2501 2703 2755 2776 urbem
2770 2722 2803 2796 ,·

703 2821 1170 2915 Virtutesque
1208 2823 1543 2917 virosque
1575 2877 1598 2913 ,
1650 2839 1775 2893 aut
1805 2822 1983 2894 tanti
2024 2821 2353 2893 incendia
2389 2820 2623 2892 belli?

703 2938 881 3011 Non
925 2937 1234 3015 obtunsa
1266 2936 1447 3009 adeo
1485 2955 1842 3037 gestamus
1875 2956 2163 3033 pectora
2199 2936 2464 3009 Poeni:

703 3053 860 3125 Nec
892 3071 1043 3125 tam
1075 3078 1355 3127 aversus
1390 3078 1621 3148 equos
1659 3053 1877 3147 Tyria
1917 3054 2030 3126 sol
2057 3053 2301 3153 jungit
2334 3051 2427 3123 ab
2466 3049 2660 3129 urbe.

704 3167 848 3239 Seu
882 3192 1015 3238 vos
1051 3168 1470 3264 Hesperiam
1507 3192 1846 3267 magnam
1875 3223 1896 3258 ‚
1940 3167 2401 3262 Saturniaque
2438 3192 2595 3238 arva
2619 3220 2646 3258 ,

704 3281 866 3355 Sive
907 3281 1148 3374 Erycis
1187 3283 1364 3355 fines
1392 3337 1414 3373 ‚
1458 3308 1844 3381 regemque
1890 3285 2149 3379 opuntis
2184 3282 2529 3363 Acestem

704 3396 1000 3470 Auxilio
1040 3412 1238 3468 tutos
1276 3397 1674 3487 dimittam,
1723 3398 2135 3494 opibusque
2163 3399 2457 3498 juvabo.

702 3510 955 3583 Voltis
993 3527 1066 3581 et
1100 3511 1209 3583 his
1243 3536 1534 3584 mecum
1568 3512 1824 3608 pariter
1860 3515 2229 3595 considere
2268 3514 2498 3613 regnis
2530 3515 2565 3583 i*

706 3625 977 3697 Urbem
1020 3651 1243 3721 quam
1277 3644 1506 3701 smnio
1529 3681 1551 3717 ‚
1605 3647 1826 3701 vestra
1866 3648 1986 3703 est.
2064 3630 2437 3705 subducite
2476 3630 2699 3703 navis

708 3741 898 3814 Tros
935 3741 1344 3838 Tyriusque
1382 3740 1564 3814 'mihi
1595 3745 1803 3816 nullo
1846 3745 2255 3819 discrimine
2296 3763 2553 3846 agetur.

709 3856 949 3952 Atque
973 3860 1249 3936 utinam
1289 3888 1409 3932 rex
1437 3860 1589 3952 ipse
1617 3916 1637 3948 ,
1689 3860 1886 3932 Noto
1922 3864 2318 3932 conulsus
2358 3864 2658 3952 endem,
