3750 6217
335 819 384 889 ¹4
577 790 923 870 ECLOGA
978 795 1086 867 ΙΙΙ.
1146 821 1179 871 v.
1229 820 1298 895 qa

781 979 808 1030 D
823 978 848 1030 A
864 978 895 1030 M
909 978 934 1030 0
947 977 970 1030 E
983 978 1008 1031 'l'
1021 981 1046 1032 Α
1060 979 1089 1034 S.

325 1078 403 1185 Qui
421 1079 537 1178 legitis
555 1074 662 1149 flores
681 1092 716 1148 et
734 1076 841 1147 humi
861 1079 1040 1150 nascentia
1057 1077 1170 1179 fraga,

323 1194 512 1296 Frigidus,
536 1218 558 1264 ο
579 1192 704 1287 pueri,
726 1191 838 1292 fugite
854 1194 964 1286 hinc,
987 1196 1072 1268 latet
1092 1195 1217 1295 anguis
1234 1195 1275 1267 in
1292 1194 1411 1271 herba.

779 1329 1083 1384 Menates&

322 1429 475 1517 Parcite,
499 1450 607 1515 oves,
627 1426 787 1497 nimium
805 1426 1001 1523 procedere
1020 1453 1028 1498 ε
1059 1453 1138 1501 non
1156 1429 1250 1502 bene
1268 1430 1368 1527 ripae

326 1544 490 1616 Creditur
513 1570 521 1611 ε
551 1543 629 1637 ipse
648 1542 736 1617 aries
753 1544 862 1615 'etiam
879 1566 980 1615 nunc
998 1546 1128 1617 vellera
1148 1546 1264 1621 siccat.

762 1677 1144 1742 nanorras,

322 1778 473 1873 Tityre,
494 1778 673 1872 pascentis
690 1802 711 1849 a
730 1773 884 1847 flumine
903 1774 994 1845 reice
1014 1776 1190 1869 capellare

284 1959 289 1966 .
319 1894 429 1990 Ipse,
449 1893 515 1965 ubi
532 1907 679 1989 tempus
696 1893 783 1983 erit,
808 1891 930 1964 omnis
950 1891 989 1962 in
1007 1891 1109 1963 fonte
1127 1888 1267 1965 lavabo.

762 2025 1076 2079 Mauricas

319 2125 448 2225 Cogite
467 2127 564 2216 ovis,
587 2127 690 2223 pueri
718 2153 726 2193 :
757 2126 786 2198 si
806 2125 861 2195 lac
880 2123 1099 2220 praeceperit
1118 2141 1263 2213 aestus,

247 2277 255 2290 ·
320 2242 369 2315 Ut
387 2267 523 2337 nuper,
541 2241 666 2313 frustra
685 2239 928 2336 pressabimus
948 2239 1058 2316 ubera
1074 2242 1218 2335 palmis.
1263 2311 1266 2319 ,

770 2374 1078 2454 Danoarna

317 2474 422 2564 Heu,
441 2475 532 2564 heu,
555 2499 667 2568 quam
683 2474 810 2573 pingui
825 2497 943 2545 macer
959 2492 1012 2545 ert
1027 2471 1122 2544 mihi
1139 2492 1260 2546 taums
1279 2475 1318 2546 in
1337 2500 1419 2550 ervo
1437 2478 1447 2549 !

212 2675 219 2692 Ι
319 2589 428 2663 Idem
445 2615 548 2661 amor
565 2590 718 2667 exitium
736 2590 882 2686 pecori,
904 2588 1118 2684 pecorisque
1135 2588 1318 2690 magistro.

786 2724 1068 2807 Menalcas

317 2822 370 2894 Hi
389 2839 502 2914 cene,
524 2846 646 2918 nequo
664 2847 767 2897 amor
786 2846 906 2894 caussa
923 2840 997 2909 est,
1017 2822 1079 2891 vix
1098 2822 1240 2895 ossibus
1256 2822 1410 2896 haerent.

316 2937 450 3013 Nescio
473 2940 555 3033 quis
577 2958 716 3011 teneros
739 2941 868 3011 oculus
885 2938 977 3009 mihi
998 2937 1145 3011 farcinat
1164 2963 1285 3037 agnos.

781 3073 1075 3126 Damouras

315 3168 560 3268 Dic„quibus
581 3173 621 3242 in
641 3174 767 3262 terris,
787 3172 907 3244 eteris
926 3170 1018 3240 mihi
1038 3193 1192 3269 magnus
1209 3168 1373 3267 Apollo,

317 3286 399 3360 Tris
416 3306 535 3384 pateat
554 3288 647 3360 coeli
669 3289 827 3382 spatium
846 3310 924 3358 non
943 3288 1103 3381 amplius
1123 3287 1237 3359 ulnas.

331 3477 333 3482 ,
777 3421 1078 3473 Mauricas

315 3517 407 3608 Dic,
433 3520 565 3613 quibus
582 3519 621 3589 in
639 3520 736 3592 terris
753 3517 913 3591 inscribti
931 3518 1085 3587 nomina
1102 3542 1230 3617 regum

315 3634 513 3708 Nascantur
530 3632 636 3706 flores
666 3663 673 3703 :
704 3652 739 3705 et
758 3635 926 3733 Phyllida
945 3635 1045 3706 solus
1062 3633 1208 3706 habeto.

776 3767 1071 3830 Pnrnuuou

315 3863 405 3938 Non
425 3884 593 3940 nostrum
611 3867 784 3942 intervos
803 3886 917 3943 tantas
936 3890 1145 3962 conponere
1165 3866 1265 3941 lites:

297 3980 362 4080 'Et
383 3983 494 4055 vitula
512 4000 552 4055 tu
570 3983 723 4081 dignus,
749 4005 784 4059 et
802 3988 891 4060 hicc’
914 4011 923 4054 z
954 4001 991 4055 et
1011 3983 1176 4076 quisquis
1193 4009 1334 4059 amores

288 4079 296 4102 ¹
314 4098 388 4168 Aut
404 4118 541 4171 metuet
560 4099 696 4191 dulcis,
720 4120 781 4174 aut
801 4101 1001 4201 experietur
1019 4124 1169 4171 amaros.

316 4210 482 4289 Claudite
496 4219 577 4317 jam
596 4217 718 4310 rivos,
741 4221 844 4315 pueri
863 4249 873 4292 r
901 4237 957 4298 sat
973 4231 1073 4312 prata
1092 4214 1271 4300 biberunt.
