3750 6217
341 740 344 749 '
440 730 887 815 AENEIDOS
945 738 977 814 Ῐ.
1032 762 1067 811 ν,
1122 742 1216 826 582,
1361 754 1435 827 131

233 901 326 978 Nate
346 902 435 993 dea,
458 909 551 998 quae
568 928 665 977 nunc
685 906 809 977 animo
830 904 1002 979 sententia
1021 904 1158 1003 surgit?

234 1020 370 1093 Omnia
386 1037 462 1091 tuta
480 1019 581 1093 vides
606 1050 614 1089 ε
644 1025 818 1109 classem,
842 1020 1035 1112 sociosque
1054 1036 1225 1113 receptos.

235 1136 338 1209 Unus
357 1136 472 1225 abest,
491 1135 615 1207 medio
635 1137 673 1207 in
691 1134 804 1206 fluctu
825 1157 935 1228 quem
952 1134 1111 1205 vidimus
1131 1133 1202 1228 ipsi

234 1250 470 1324 submersum
491 1264 499 1317 ἰ
529 1250 635 1323 dictis
653 1249 874 1346 respondent
893 1267 1004 1320 cetera
1022 1247 1153 1319 matris.

234 1365 311 1438 Vix
328 1392 368 1438 ea
387 1365 479 1437 fatus
497 1384 589 1455 erat,
610 1391 727 1461 quom
748 1363 962 1437 circumfusa
980 1380 1127 1459 repente

236 1476 374 1554 Scindit
391 1504 427 1554 se
446 1479 585 1571 nubes,
603 1501 641 1553 et
660 1482 699 1552 in
722 1482 859 1552 aethera
883 1498 1011 1577 purgat
1032 1496 1206 1574 apertum.

236 1591 379 1669 Restitit
398 1595 558 1684 Aeneas,
580 1598 741 1690 claraque
760 1597 798 1665 in
817 1598 897 1667 luce
917 1592 1076 1684 refulsit,

237 1713 292 1784 Os
317 1712 560 1803 humerosque
579 1712 648 1783 deo
675 1698 802 1783 similis
826 1739 835 1780 ι
864 1734 1024 1803 namque
1037 1710 1124 1803 ‚ipsa
1143 1707 1312 1779 decoram

239 1827 438 1900 Caesariem
455 1846 540 1897 nato
558 1827 738 1923 genetrix,
759 1826 960 1919 lumenque
974 1827 1144 1923 juventae

239 1943 486 2036 Purpureum,
509 1960 543 2011 et
560 1943 672 2013 laetos
691 1942 806 2013 oculis
826 1940 972 2011 adflarat
987 1941 1154 2010 honores.

239 2055 356 2162 Quale
375 2081 506 2128 manus
526 2054 665 2128 addunt
682 2056 783 2127 ebori
803 2056 932 2145 decus,
953 2072 1016 2127 aut
1034 2048 1098 2125 ubi
1116 2052 1211 2124 llavo

236 2173 435 2271 Argentum
455 2171 619 2245 Pariusve
639 2173 731 2268 lapis
747 2172 985 2244 circumdatur
1001 2194 1098 2241 auro.

237 2283 336 2359 Turn
356 2288 405 2360 sic
423 2288 580 2387 reginam
600 2289 830 2381 adloquitur,
856 2286 1066 2379 cunctisque
1085 2298 1232 2378 repente

238 2394 545 2498 Inprovisus'ait:
576 2402 731 2493 Coram,
754 2425 864 2496 quem
884 2401 1072 2495 quaeritis,
1095 2397 1222 2471 adsum

238 2516 371 2590 Troius
389 2518 554 2609 Aeneas,
581 2518 726 2613 Libycis
745 2536 887 2612 ereptus
905 2517 949 2587 ab
971 2515 1085 2588 undis.
1142 2498 1145 2503 ⁸

240 2634 276 2704 Ο
300 2636 376 2706 sola
396 2630 564 2705 infandos
589 2633 720 2705 Troiae
743 2633 905 2705 miserata
922 2631 1083 2720 labores,

242 2746 346 2852 Quae
366 2772 452 2839 nos,
475 2749 645 2843 reliquias
661 2748 856 2841 Danaum,
877 2766 1057 2840 terraeque
1076 2742 1256 2839 marisque

241 2862 427 2935 Omnibus
443 2864 633 2937 exhaustos
645 2866 723 2962 jam
743 2863 902 2950 casibus,
929 2860 1095 2933 omnium
1116 2885 1270 2957 egenos,

242 2974 359 3068 Urbe,
387 2976 526 3069 domo,
554 2979 677 3051 socias.
723 2996 832 3077 grates
853 2978 1053 3072 persolvere
1076 2976 1201 3072 dignas

242 3084 330 3163 Non
347 3093 429 3188 opis
449 3113 501 3165 est
522 3113 662 3166 nostrae
672 3116 691 3185 ,·
706 3094 827 3184 Dido,
849 3118 915 3164 nec
934 3090 1117 3186 quidquid
1139 3091 1276 3183 ubique
1297 3106 1351 3163 est

242 3207 369 3281 Gentis
388 3207 612 3299 Dardaniae,
634 3234 808 3309 magnum
830 3234 923 3303 quae
948 3230 1064 3303 sparsa
1085 3231 1148 3300 per
1168 3205 1304 3278 orbem.

240 3320 304 3395 Dii
321 3324 414 3413 tibi,
437 3325 465 3397 si
488 3349 560 3419 qua
582 3317 665 3420 pios
683 3344 881 3421 respectant
900 3324 1071 3411 numina,
1095 3320 1123 3394 si
1144 3321 1236 3417 quid

240 3433 402 3534 Usquam
417 3436 553 3538 justitia
569 3459 622 3513 est
645 3458 679 3512 et
697 3464 803 3512 mens
824 3441 890 3513 sibi
909 3438 1050 3513 conscia
1070 3438 1172 3528 recti,

240 3550 402 3625 Praemia
419 3556 527 3653 digna
546 3553 669 3630 ferant.
709 3582 802 3652 quae
817 3576 851 3628 te
868 3571 944 3627 tarn
963 3557 1054 3626 laeta
1074 3556 1232 3626 tulerunt

240 3668 384 3742 Saecula
405 3671 421 3741 Ρ
450 3671 517 3764 qui
536 3674 626 3743 tanti
646 3674 758 3746 talem
778 3697 928 3770 genuere
952 3670 1146 3767 parentes?

240 3785 286 3856 In
308 3783 393 3858 freta
416 3782 508 3857 dum
528 3784 630 3859 fluvii
650 3804 809 3877 current,
831 3788 922 3859 dum
944 3784 1132 3857 montibus
1153 3778 1302 3856 umbrae

243 3900 459 3972 Lustrabunt
477 3925 656 3993 convexa,
678 3905 789 3998 polus
808 3903 898 3974 dum
921 3902 1033 3975 sidera
1058 3917 1180 3994 pascet
1197 3929 1206 3978 ;

241 4013 391 4110 Semper
411 4015 554 4106 honos,
575 4041 787 4112 nomenque
803 4039 933 4108 tuum,
958 4016 1155 4108 laudesque
1174 4007 1396 4087 manebunt:

241 4128 347 4235 Quae
364 4156 426 4201 me
445 4154 605 4225 cumque
621 4153 752 4205 vocant
774 4152 889 4205 terrae.
929 4136 979 4206 sic
1002 4131 1118 4221 fatus,
1144 4131 1304 4201 amicum

243 4244 383 4318 Ilionea
400 4246 491 4341 petit
508 4247 651 4338 dextra,
674 4249 844 4341 laevaque
861 4248 1039 4321 Serestum
1054 4276 1063 4317 r

243 4357 330 4435 Post
346 4363 456 4453 alios,
474 4359 681 4458 fortemque
702 4361 823 4459 Gyan,
844 4362 1051 4458 fortemque
1067 4353 1300 4435 Cloanthum.

300 4477 502 4571 Obstupuit
522 4479 643 4573 primo
663 4479 835 4574 adspectu
858 4476 1007 4552 Sidonia
1027 4476 1147 4567 Dido,

242 4588 339 4666 Casu
359 4588 490 4671 deinde
513 4594 578 4668 viti
596 4613 725 4678 tantm
757 4612 793 4703 et
812 4595 861 4671 sic
878 4620 939 4675 ore
960 4596 1082 4667 locuta
1104 4611 1180 4665 estr

1131 4706 1164 4779 R
1198 4730 1218 4782 a
