3750 6217
715 693 874 765 '106
1020 692 2071 769 GEORGICON
2188 692 2347 766 IV.
2464 716 2533 765 ν.
2630 712 2845 791 457,

703 868 1092 940 Inmanem
1127 880 1290 933 ante
1329 859 1554 957 pedes
1585 857 1896 955 hydrum
1936 859 2279 931 moritura
2316 857 2563 955 puella

704 982 1114 1055 Servantem
1153 978 1341 1072 ripas
1375 978 1516 1048 alta
1548 999 1704 1047 non
1737 973 1921 1046 vidit
1958 974 2035 1045 in
2068 973 2301 1047 herba.

704 1097 804 1173 At
842 1095 1098 1166 chorus
1136 1092 1452 1186 aequalis
1491 1089 1867 1185 Dryadum
1905 1091 2218 1165 clamore
2258 1112 2639 1185 supremos

705 1212 1089 1306 Inplerunt
1127 1225 1433 1285 montes.
1512 1206 1769 1279 flerunt
1807 1205 2283 1300 Rhodopeiae
2322 1230 2557 1297 arces,

706 1326 1020 1417 Altaque
1061 1324 1419 1421 Pangaea,
1462 1341 1534 1395 et
1565 1322 1782 1393 Rhesi
1818 1321 2167 1397 Mavortia
2200 1323 2450 1411 telluS,

705 1441 948 1534 Atque
985 1438 1208 1511 Getae
1233 1494 1252 1526 ‚
1295 1452 1510 1532 atque
1549 1436 1872 1527 Hebrus,
1921 1456 1991 1508 et
2026 1435 2264 1510 Actias
2298 1437 2645 1533 Orithyia.

706 1559 878 1651 Ipse
918 1579 1082 1625 cava
1123 1556 1360 1626 solans
1399 1579 1688 1653 aegrum
1725 1552 2081 1625 testudine
2122 1576 2482 1643 amorem,

708 1673 819 1742 Te
845 1726 865 1761 ‚
907 1669 1138 1744 dulcis
1180 1671 1538 1767 conjunx,
1585 1687 1656 1740 te
1697 1670 1858 1740 solo
1902 1670 1979 1738 in
2015 1668 2221 1740 litore
2264 1692 2553 1759 secum,

709 1788 822 1859 Te
856 1785 1189 1857 veniente
1230 1785 1387 1874 die,
1431 1804 1502 1857 te
1537 1784 1926 1857 decedente
1965 1783 2279 1857 canebat.

709 1900 1093 1974 Taenarias
1125 1901 1343 1971 etiam
1384 1901 1658 1989 fauceS,
1702 1901 1841 1970 alta
1883 1900 2062 1971 ostia
2097 1899 2327 1990 Ditis,

712 2020 808 2093 Et
843 2016 1268 2113 caligantem
1304 2017 1498 2115 nigra
1538 2015 1928 2087 formidine
1966 2016 2217 2086 lucum

711 2137 1077 2231 Ingressus
1100 2184 1121 2219 ‚
1167 2130 1548 2225 Manisque
1588 2130 1806 2220 adiit,
1853 2155 2238 2227 regemque
2272 2129 2777 2221 tremendum,

713 2247 1120 2339 Nesciaque
1157 2247 1496 2318 humanis
1534 2246 1864 2341 precibus
1904 2268 2394 2319 mansuescere
2433 2244 2669 2331 corda,

711 2364 809 2437 At
843 2380 1059 2433 cantu
1100 2380 1488 2434 conmotae
1525 2362 1734 2433 Erebi
1776 2362 1866 2432 de
1905 2360 2196 2434 sedibus
2235 2361 2405 2434 imis

713 2477 1030 2551 Umbrae
1066 2476 1268 2547 ibant
1306 2496 1557 2550 tenues
1577 2531 1597 2566 ‚
1641 2478 2159 2571 simulacraque
2196 2479 2357 2548 luce
2398 2494 2805 2557 carentumz

717 2593 967 2697 Quam
1005 2594 1238 2663 multa
1275 2592 1354 2662 in
1393 2591 1590 2665 foliis
1620 2594 1862 2663 avium
1906 2616 1979 2663 se
2019 2592 2251 2663 millia
2290 2592 2663 2680 condunt,

716 2708 1000 2803 Vesper
1037 2708 1217 2798 ubi,
1261 2727 1384 2780 aut
1416 2709 1757 2780 hibernus
1796 2710 1942 2807 agit
1980 2707 2071 2781 de
2105 2708 2484 2782 montibus
2524 2706 2795 2779 imber:

712 2824 1017 2912 MatreS,
1056 2841 1274 2918 atque
1302 2824 1479 2913 viri,
1518 2823 2003 2919 defunctaque
2043 2848 2345 2919 corpora
2381 2824 2528 2895 vita

714 2940 1271 3038 Magnanimum
1311 2940 1614 3010 heroum
1644 2994 1666 3030 ,
1703 2940 1955 3032 pueri,
2002 2939 2498 3035 innuptaeque
2538 2938 2883 3035 puellae,

714 3055 1182 3151 Inpositique
1218 3057 1409 3154 rogis
1436 3058 1738 3156 juvenes
1774 3073 1938 3128 ante
1982 3076 2101 3137 ora
2140 3073 2560 3150 parentum,

717 3171 933 3276 Quos
973 3172 1240 3241 circum
1277 3172 1500 3244 limus
1534 3171 1778 3272 niger,
1820 3190 1894 3244 et
1930 3169 2276 3244 deformis
2314 3170 2590 3243 arundo

718 3286 1018 3379 Cocyti,
1059 3285 1405 3378 tardaque
1439 3288 1647 3381 palus
1685 3286 2097 3367 inamabilis
2138 3288 2337 3358 unda

720 3400 1012 3497 Adligat
1035 3454 1056 3489 ‚
1101 3418 1174 3471 et
1208 3402 1458 3473 novies
1493 3402 1668 3497 Styx
1702 3402 2037 3477 interfusa
2078 3413 2370 3489 coercet,

722 3514 930 3620 Quin
967 3516 1163 3611 ipsae
1205 3534 1536 3611 stupuere
1577 3518 1885 3608 domus,
1930 3539 2145 3612 atque
2187 3519 2443 3593 intima
2482 3516 2643 3589 Leti

719 3631 1050 3721 Tartara,
1093 3632 1598 3728 caeruleosque
1636 3634 1967 3728 inplexae
2008 3635 2319 3706 crinibus
2360 3633 2611 3732 anguis

719 3747 1197 3838 Eumenides,
1231 3751 1609 3845 tenuitque
1648 3751 1929 3825 inhians
1967 3751 2098 3823 tria
2129 3748 2471 3823 Cerberus
2508 3772 2667 3839 ora,

725 3861 821 3932 At
877 3890 965 3932 ue
1005 3864 1273 3936 Ixionii
1317 3888 1533 3940 ventu
1573 3888 1725 3940 ruta
1765 3867 2086 3940 constitit
2126 3866 2334 3944 orbis,
2666 3850 2672 3855 ’
