3750 6217
360 729 437 818 aas
539 691 1151 798 nrurrn'os'urr.
1210 747 1244 796 v.
1290 741 1380 818 isi.

355 891 522 991 Spargere
541 890 607 984 qui
627 911 777 994 somnos
796 904 975 981 cantuque
994 909 1182 980 manuque
1202 887 1356 981 solebat,

353 1006 610 1103 Mulcebatque
627 1005 710 1102 iras,
737 1020 772 1075 et
788 1027 930 1075 morsus
947 1021 1018 1073 arte
1037 1001 1185 1089 levabat

353 1121 425 1202 Sed
445 1146 522 1213 non
541 1116 738 1222 Dardaniae
757 1107 923 1190 medicari
942 1115 1100 1212 cuspidis
1119 1117 1233 1210 ictum

353 1238 517 1317 Evaluit;
541 1259 659 1328 neque
678 1260 763 1307 eum
776 1236 898 1333 juvere
914 1232 953 1303 in
971 1236 1116 1305 volnere
1134 1250 1258 1307 cantus

352 1351 568 1439 Somnfferi,
591 1370 626 1422 et
643 1350 768 1458 Marsis
786 1349 963 1464 quaesitae
981 1348 1171 1420 montibus
1187 1348 1325 1430 herbae.

352 1467 410 1538 Te
430 1491 558 1538 nemus
577 1462 788 1565 Angustiae,
811 1459 919 1536 vitrea
937 1481 973 1539 te
984 1463 1147 1546 *Fucinus
1163 1465 1286 1574 unda,

352 1581 409 1670 ’se
428 1581 591 1685 liquidi
578 1580 703 1653 flevere
724 1582 829 1663 lacus

412 1697 494 1769 Ibat
512 1715 547 1769 et
545 1659 763 1827 lilppolyti
783 1697 903 1810 proles
919 1696 1157 1790 pulcherrima
1175 1695 1276 1780 bello

351 1812 532 1885 Virbius·
562 1812 739 1921 insignem
760 1823 870 1905 quem
890 1830 1002 1882 mater
1019 1809 1136 1882 Aricia
1152 1810 1275 1902 misit,

350 1907 533 2016 Eductum
553 1908 698 2042 Egeriae
718 1928 830 2017 lucis,
847 1927 1077 1998 humentia
1049 1950 1184 1999 cltcum

352 2034 491 2138 Litora,
511 2043 659 2141 pinguis
678 2033 743 2114 ubi
763 2031 798 2113 et
815 2042 1000 2136 placabilis
1019 2067 1075 2112 ara
1092 2041 1239 2142 Dianae.

350 2158 522 2252 Namque
539 2155 657 2229 ferunt
675 2157 772 2229 fama
790 2157 1058 2255 Hippolytum,
1075 2175 1272 2286 postquam
1289 2175 1361 2234 arte
1380 2181 1564 2237 novercae

350 2273 555 2362 Occiderit,
580 2274 781 2377 patriasque
799 2273 949 2367 explerit
967 2274 1137 2371 sanguine
1155 2282 1293 2369 poenas

351 2386 520 2476 Turbatis
534 2328 725 2473 distraetus
745 2388 873 2482 equis,
899 2386 946 2458 ad
965 2388 1075 2460 sidera
1095 2413 1218 2502 rursus

350 2503 514 2601 Aetheria
535 2523 571 2576 et
588 2529 732 2599 superas
750 2504 842 2575 coeli
860 2504 999 2585 venisse
1017 2504 1084 2577 sub
1104 2496 1200 2594 oras,

319 2601 322 2606 .
350 2618 518 2692 Paeoniis
534 2639 740 2695 revocatum
758 2600 898 2691 herbis
896 2638 932 2691 et
950 2644 1072 2695 amore
1092 2618 1238 2692 Dianae.

350 2734 454 2806 Tum
470 2753 570 2831 pater
589 2736 846 2844 omnipotens,
871 2730 1031 2829 aliquem
1051 2736 1256 2834 indignatus
1275 2734 1320 2808 ab
1340 2735 1487 2815 umbris
1589 2769 1593 2780 ·

348 2848 543 2962 Mortalem
560 2850 706 2923 infernis
725 2850 770 2922 ad
790 2851 929 2921 lumina
949 2875 1088 2950 surgere
1102 2852 1212 2941 vitae,

349 2955 448 3061 Ipse
457 2943 673 3067 repertorem
691 2966 890 3068 medicinae
908 2967 988 3038 talis
1008 2986 1043 3039 et
1061 2968 1143 3039 artis

349 3080 519 3152 Fulmina
540 3061 811 3182 Phoebigenam
829 3080 967 3182 Stygias
985 3082 1133 3156 detrusit
1151 3082 1197 3154 ad
1215 3083 1340 3164 undas.

268 3224 274 3232 ·
350 3196 398 3267 At
416 3197 537 3267 Trivia
556 3197 809 3310 Hippolytum
824 3199 962 3269 secretis
979 3200 1072 3278 alma
1092 3200 1253 3271 recondit

349 3310 522 3403 Sedibus,
547 3331 582 3382 et
598 3313 779 3422 nymphae
799 3297 942 3410 Egeriae
960 3315 1171 3407 nemorique
1190 3316 1343 3415 relegat·

350 3424 455 3496 Solus
471 3426 562 3496 ubi
553 3450 591 3495 rn
610 3411 705 3499 silvis
726 3428 825 3500 Italis
844 3429 1014 3540 ignobilis
1033 3455 1160 3518 aevom

349 3540 534 3638 Exigeret,
558 3566 733 3636 versoque
753 3542 817 3611 ubi
837 3543 988 3628 nomine
1007 3541 1155 3617 Virbius
1175 3563 1274 3618 esset.

350 3648 456 3730 Unde
476 3657 583 3744 etiam
603 3661 743 3769 templo
761 3657 903 3729 Triviae
923 3651 1086 3753 lucisque
1106 3663 1243 3734 sacratis
1276 3647 1280 3656 ⁸

350 3771 573 3882 Comipedes
589 3793 749 3847 arcentur
769 3774 873 3866 equi;
899 3775 1004 3867 quod
1019 3777 1122 3853 litore
1137 3802 1279 3849 currum

350 3888 423 3962 Et
410 3915 581 3987 juvenem
602 3890 771 4003 monstris
789 3890 911 3985 pavidi
931 3887 1123 3961 effudere
1102 3892 1258 3965 marinis.

348 4002 459 4076 Filius
479 4004 631 4099 ardentis
650 3983 748 4075 haud
768 4005 879 4077 secius
899 4031 1054 4099 aequore
1072 4009 1193 4102 campi

349 4094 540 4210 Exercehat
560 4145 698 4232 equos,
723 4145 897 4212 curruque
913 4123 950 4191 in
970 4121 1065 4192 bella
1082 4124 1215 4199 ruebat

406 4233 518 4328 Ipse
510 4255 599 4305 mter
616 4237 755 4349 primos
775 4238 968 4332 praestanti
984 4261 1136 4332 corpore
1150 4240 1295 4324 Turnus

347 4347 504 4420 Vertitur
523 4375 618 4429 arma
637 4367 792 4440 tenens,
808 4369 843 4423 et
859 4369 939 4423 toto
959 4353 1090 4424 vertice
1104 4378 1208 4448 supra
1228 4373 1296 4463 est

347 4462 416 4534 Cui
434 4465 563 4559 triplici
579 4466 702 4537 crinita
718 4458 806 4564 juba
826 4470 923 4565 galea
943 4469 1013 4539 alta
1031 4446 1296 4551 Chimaeram

345 4577 519 4670 Sustinet,
542 4579 718 4654 Aetnaeos
738 4582 917 4654 efflantem
937 4582 1129 4662 faucibus
1120 4585 1233 4684 ignis·
