3750 6217
729 786 1022 861 NOTAE.
1396 813 1477 885 435

332 978 424 1048 400.
457 954 601 1026 Lunam
621 954 680 1027 sic.
716 954 867 1055 Copulam
883 971 918 1027 et
936 958 974 1027 ab
996 955 1132 1027 Heinsio
1146 981 1317 1058 perperam
1334 954 1486 1055 infertam

271 1098 333 1146 non
355 1073 552 1167 adgnoscunt
569 1090 689 1143 nostrae
708 1074 833 1143 membr.

335 1210 427 1277 525.
450 1189 527 1260 Post
540 1190 621 1262 hune
635 1213 759 1261 uersum
771 1187 866 1282 uulgo
882 1188 999 1283 legitur
1015 1190 1075 1259 huo
1093 1188 1175 1259 male
1191 1191 1361 1263 translatus
1375 1217 1485 1264 uersus

273 1308 380 1380 elihro
402 1306 479 1376 VII.
500 1304 549 1396 64
559 1328 591 1392 5.

338 1442 353 1505 7
366 1443 426 1513 29.
460 1418 663 1515 Clipeoque
678 1422 847 1495 micantia
861 1419 1017 1492 fulmina
1031 1423 1153 1493 mittit.
1183 1423 1314 1500 Scilicet
1331 1423 1482 1513 Turnus,

275 1539 313 1611 de
335 1564 393 1633 quo
411 1561 513 1608 sermo
531 1558 585 1609 est.
616 1541 673 1609 Sic
689 1540 814 1609 membr.
838 1558 960 1611 nostrae
984 1567 994 1606 .·
1025 1557 1128 1635 estque
1147 1539 1222 1608 haee
1236 1540 1324 1610 lectio
1339 1541 1480 1639 optima,

274 1674 325 1743 et,
348 1673 382 1724 ut
397 1656 526 1753 opinor,
547 1656 679 1726 sincera.

331 1769 374 1838 X.
402 1789 463 1852 27.
483 1768 558 1841 Nec
573 1794 650 1840 non
665 1771 835 1842 exercitus
854 1772 949 1843 alter.
981 1770 1075 1842 Haec
1092 1773 1184 1841 uerba
1198 1797 1270 1841 oum
1288 1770 1487 1866 sequentihus

266 1886 462 1986 jungenda,
490 1904 520 1956 et
535 1887 740 1979 intelligenda
763 1888 801 1957 de
820 1890 936 1986 copiis,
958 1913 1036 1983 quas
1052 1906 1154 1957 metus
1172 1907 1292 1958 eratne
1309 1886 1484 1956 Diomedes

278 2020 388 2071 eontra
418 2000 571 2072 Troianos
590 2004 725 2073 duceret.
757 2002 853 2073 Pione
872 2005 1056 2074 distinctum
1077 2006 1110 2073 in
1129 2003 1255 2073 membr.
1284 2005 1400 2072 nostris
1414 2017 1488 2098 post

218 2170 231 2197 ,
275 2114 406 2186 Troiae
426 2144 433 2183 :
457 2137 532 2214 post
550 2119 636 2188 alter
650 2118 744 2187 nulia¹
758 2120 928 2191 distinctio

340 2253 428 2323 139·
460 2230 701 2330 Magnanime.
732 2237 790 2305 Sie
809 2237 976 2306 Medieeus
1001 2238 1142 2335 aprima
1156 2259 1276 2311 mamm
1295 2235 1400 2328 sieque
1412 2235 1486 2332 jam

275 2348 416 2418 ediderat
450 2345 618 2432 Gueilius,
646 2351 701 2438 qui
725 2348 894 2415 multorum
918 2352 1020 2415 instar
1043 2367 1097 2414 est.
1139 2348 1245 2432 Mihi,
1276 2366 1311 2414 ut
1334 2347 1483 2440 Hepnio,

263 2459 394 2556 frigent
418 2459 587 2529 admodum
608 2458 858 2554 magnanimae
876 2475 1007 2554 gentes.

341 2575 429 2643 188.
461 2572 531 2643 Hie
548 2598 656 2646 uersus
663 2599 829 2673 perperam
846 2578 879 2643 in
895 2577 1037 2645 omnihus
1054 2574 1142 2643 libris
1162 2575 1396 2673 interpunctas,
1413 2599 1487 2645 non·

278 2685 470 2783 duntsuerat
486 2689 669 2759 intellectus.
701 2692 821 2760 Sensus
839 2708 884 2760 est
899 2719 909 2757 :
924 2716 1003 2786 quae
1013 2715 1155 2789 pennae,
1177 2689 1322 2777 iAmor,
1344 2691 1402 2759 tihi
1414 2707 1487 2763 sunt

279 2805 413 2874 arimini.
451 2801 598 2872 Crimen
619 2802 667 2873 hic
680 2807 820 2902 positum
833 2831 893 2902 pro
910 2807 1150 2883 criminatione,
1174 2805 1428 2904 exprobratione,
1451 2820 1487 2875 ut

280 2920 317 2990 oh
341 2919 454 2989 Ouidio
473 2918 604 2987 Metam.
626 2919 725 2989 VIII.
747 2921 786 2990 de
805 2920 961 2995 Perdice:

284 3098 286 3101 ,
366 3030 480 3101 Unica
496 3050 581 3104 tunc
599 3035 775 3112 volucris;
799 3059 865 3106 nec
882 3035 958 3108 visa
970 3034 1155 3129 prioribus
1174 3036 1275 3108 annis
1286 3058 1303 3125 ,·

365 3145 545 3240 Factaque
561 3172 676 3242 nuper
695 3151 791 3238 avis,
815 3153 968 3248 longum
986 3151 1071 3241 tibi,
1089 3150 1266 3240 Daedale,
1285 3149 1429 3222 crimen.

281 3265 410 3337 Eadem
425 3266 543 3333 ratione
561 3264 610 3334 hic
629 3265 805 3364 Cupauonis
818 3292 943 3364 pennae
965 3269 1077 3337 Amori
1095 3285 1168 3337 sunt
1187 3266 1338 3354 crimen,
1361 3254 1486 3353 ahirot.

279 3380 378 3495 Quod
391 3398 493 3449 autem
505 3397 659 3451 vestrum
677 3382 831 3481 dieatpro
842 3399 967 3470 tuum,
979 3384 1015 3452 id
1024 3382 1144 3453 nemini
1158 3382 1341 3482 scrupulum
1357 3382 1488 3481 injicere

281 3497 390 3583 dehet,
409 3521 504 3590 quum
523 3497 629 3568 Paitis
648 3497 795 3569 sollemne
814 3500 856 3568 sit
868 3501 1056 3597 pronomina
1075 3515 1224 3585 noster,
1237 3514 1369 3586 vester,
1394 3500 1488 3569 etiam

278 3610 410 3707 quando
426 3611 464 3681 de
483 3615 576 3683 unica
588 3637 725 3711 persona
742 3638 791 3684 res
813 3633 881 3700 est,
903 3616 1057 3685 adhihere.
1085 3615 1141 3684 Sia
1157 3640 1252 3711 supra
1265 3614 1355 3705 June
1370 3638 1400 3681 v.
1427 3631 1488 3693 71.

282 3751 375 3820 quae
394 3725 480 3797 dura
496 3729 659 3821 potentia
676 3729 798 3800 nostri.
830 3730 877 3799 Et
900 3730 999 3799 VIII.
1021 3751 1111 3818 513.
1126 3728 1280 3798 Euander
1291 3725 1415 3818 defilio
1431 3750 1488 3794 suo

282 3843 351 3928 ait,
371 3863 453 3933 spes
473 3861 510 3913 et
522 3845 647 3917 solatia
663 3844 784 3916 nostri.
815 3845 856 3914 Si
872 3868 979 3914 uersus
998 3845 1049 3913 hic
1072 3845 1212 3929 abesset,
1241 3866 1301 3911 non
1324 3841 1403 3911 satis
1418 3858 1489 3939 apte

283 3956 445 4026 cohaerere
460 3959 538 4027 mihi
546 3961 729 4031 uiderentur
739 3961 911 4057 sequentia,
923 3960 1053 4031 minime
1065 3985 1137 4032 uero
1149 3956 1302 4028 canssolis
1313 3957 1490 4056 conjunctio

282 4095 465 4163 namque,
486 4098 549 4168 qua
564 4079 757 4179 eonnectitur
769 4076 935 4176 esplieotio
952 4077 1071 4147 amoris
1090 4075 1204 4171 Cycni,
1224 4098 1282 4169 quo
1295 4071 1490 4143 Phaethonta

284 4188 435 4285 deperiit,
459 4208 489 4258 et
506 4206 644 4259 mutatae
656 4187 795 4284 somnae.
839 4193 966 4265 Versum
986 4196 1016 4262 si
1038 4191 1155 4280 tollas,
1180 4190 1350 4261 sententiae
1368 4188 1489 4258 hiatum

284 4306 392 4373 statim
415 4305 628 4402 deprehendes.
673 4307 716 4377 Iit
739 4326 842 4378 autem
864 4309 959 4402 uulgo
977 4310 1123 4402 leguntur
1139 4308 1216 4378 haee
1236 4306 1332 4377 verba
1355 4303 1491 4372 crimen

285 4443 389 4490 amor
408 4439 589 4509 vestrum,
606 4422 685 4492 nihil
699 4424 771 4494 inde
790 4427 858 4494 erui
868 4443 993 4523 potest,
1016 4421 1217 4521 nisisoedum
1232 4440 1262 4492 et
1281 4418 1458 4491 absurdum.

351 4558 441 4608 220.
473 4534 579 4607 Alma
588 4535 745 4635 Cybebe.
766 4542 822 4610 Sic
840 4542 928 4611 Med.
948 4543 1013 4613 eod.
1033 4541 1115 4611 unde
1132 4566 1151 4609 a
1171 4535 1365 4632 Marquardo
1385 4532 1491 4603 Gudio

287 4654 423 4726 monitus
441 4656 589 4754 optimam
609 4657 770 4732 lectionem
789 4659 925 4731 restituit
947 4658 1111 4730 Heinsius.
1156 4653 1233 4724 Vide
1261 4650 1364 4725 Gudii
1384 4666 1492 4722 restam

1137 4768 1246 4845 liin
