3750 6217
408 906 1473 1082 Aruernos

604 1282 875 1370 LIBER
939 1281 1269 1384 Nouus,

336 1549 545 1684 hTQUE
565 1603 605 1649 ea
624 1577 760 1662 diversa
778 1579 924 1673 penitus
942 1580 1032 1673 dum
1053 1599 1152 1676 parte
1169 1599 1362 1680 geruntur,

337 1696 423 1765 Irim
443 1695 488 1766 de
505 1696 609 1766 coelo
628 1694 727 1769 misit
743 1694 905 1766 Satumia
917 1693 1019 1784 Juno.

336 1808 518 1880 Audacem
537 1809 583 1880 ad
598 1809 775 1880 Tumum.
814 1811 898 1881 luco
919 1828 1000 1902 turn
1019 1807 1108 1904 forte
1126 1809 1281 1904 parentis

337 1923 497 1994 Pilumni
515 1924 660 1996 Turnus
678 1942 808 2019 sacrata
827 1926 920 2008 valle
941 1922 1085 1996 sedebat

335 2037 393 2110 Ad
412 2064 522 2133 quem
543 2041 593 2133 sic¹
610 2064 713 2126 roseo
735 2040 994 2136 Thaumantias
1014 2065 1073 2110 ore
1086 1980 1212 2113 iocura
1232 2059 1303 2113 est:

392 2153 534 2251 Turne,
558 2155 663 2248 quod
682 2155 821 2250 optanti
843 2153 967 2240 dirim
988 2156 1194 2258 promittere
1214 2180 1324 2246 uerno

334 2267 511 2359 Anderet,
531 2270 710 2341 volvenda
728 2271 823 2364 dies,
845 2295 908 2360 en,
932 2271 1060 2343 adtulit
1076 2273 1180 2364 ultro,

334 2382 491 2475 Aeneas,
512 2384 617 2474 urbe,
640 2405 675 2457 et
694 2385 820 2475 sociis,
843 2405 877 2456 et
895 2388 1004 2458 classe
1023 2387 1161 2477 relicta,

334 2495 475 2594 Sceptra
497 2501 666 2588 Palatini,
689 2499 884 2594 sedemque
903 2501 994 2594 petit
1013 2499 1179 2593 Euandri.

333 2611 410 2686 Nec
428 2617 538 2687 satis:
568 2634 741 2686 extremas
763 2613 911 2709 Corythi
933 2616 1127 2714 penetravit
1145 2616 1188 2702 ad
1211 2614 1339 2699 urbes:

336 2727 598 2825 Lydorumque
618 2755 791 2820 manum,
814 2733 997 2818 conlectos
1012 2748 1124 2802 armat
1142 2731 1293 2830 agrestis.

294 2942 298 2950 ¹
335 2840 438 2947 Quid
457 2844 631 2916 dubitas?
650 2870 748 2916 nunc
767 2864 913 2940 tempus
933 2870 1069 2938 equos,
1089 2869 1187 2918 nunc
1206 2870 1352 2943 poscere
1371 2873 1500 2922 currus.

334 2955 481 3053 Rumpe
496 2985 615 3032 moras
636 2961 777 3050 omnis,
796 2978 833 3030 et
850 2957 987 3031 turbata
1007 2959 1129 3055 adripe
1146 2977 1264 3031 castra.

392 3073 514 3165 Dixit,
536 3094 571 3147 et
591 3075 628 3145 in
649 3076 793 3165 coelum
811 3075 957 3170 paribus
976 3099 1012 3165 se
1032 3075 1174 3148 sustulit
1192 3074 1280 3152 alis;

335 3187 598 3287 Ingentemqpe
614 3189 701 3287 fuga
719 3189 831 3266 secuit
847 3189 916 3267 sub
935 3188 1096 3261 nubibus
1115 3214 1245 3261 arcum.

335 3302 520 3403 Adgnovit
533 3306 693 3403 juvenis,
712 3304 949 3399 duplicesque
966 3303 1012 3374 ad
1032 3303 1143 3378 sidera
1162 3307 1303 3403 palmas

333 3417 503 3510 Sustulit,
525 3437 560 3496 et
578 3421 639 3505 tali
659 3417 857 3518 fugientem
874 3439 928 3497 est
943 3444 1033 3495 voce
1049 3436 1188 3493 secutus
1199 3446 1208 3507 :¹

334 3535 408 3625 Iri,
428 3536 537 3608 decus
556 3536 670 3623 coeli,
694 3536 775 3628 quis
795 3555 829 3625 te
849 3535 941 3615 mihi
960 3533 1119 3621 nubibus
1136 3553 1250 3617 actam

333 3648 473 3722 Detulit
491 3653 528 3721 ln
546 3652 683 3724 terras?
712 3649 809 3737 unde
829 3651 914 3720 haec
933 3667 1009 3720 tam
1029 3652 1118 3721 clara
1131 3666 1277 3743 repente

332 3765 545 3860 Tempestas
566 3767 583 3860 ξ’
610 3765 776 3845 medium
796 3765 901 3855 video
923 3764 1103 3841 discedere
1119 3766 1284 3853 coelum,

332 3879 561 3971 Palantisque
580 3882 671 3976 polo
691 3883 817 3963 stellas.
858 3904 994 3975 sequor·
1007 3877 1131 3952 omina
1150 3897 1266 3967 tanta,

334 3992 511 4099 Quisquis
530 3995 568 4063 in
587 4019 684 4066 arma
702 4019 819 4066 vocas.
858 3996 961 4068 etsie
980 3994 1104 4069 effatus
1122 3992 1168 4064 ad
1187 3993 1324 4076 undam

333 4107 528 4206 Processit,
551 4133 771 4202 summoque
790 4111 907 4182 hausit
922 4111 968 4204 de
988 4109 1124 4209 gurgite
1143 4109 1332 4203 lymphas,

331 4222 448 4307 Multa
466 4224 554 4313 deos
574 4248 699 4312 orans;
724 4225 954 4320 oneravitque
973 4226 1108 4302 aethera
1125 4225 1228 4306 votis.

385 4339 541 4433 Jamque
561 4340 684 4411 omnis
703 4341 840 4435 campis
859 4343 1027 4426 exercitus
1044 4340 1120 4414 ibat
1138 4340 1287 4435 apertis,

332 4452 441 4526 Dives
462 4452 623 4548 equdm,
645 4455 745 4535 dives
761 4454 869 4550 pictai
888 4455 994 4540 vestis
1013 4474 1048 4536 et
1065 4455 1162 4533 auri;

332 4567 517 4665 Messapus
536 4572 670 4665 primas
689 4571 799 4662 acies,
817 4588 998 4667 postrema
1017 4583 1179 4665 coercent
