3750 6217
493 829 1023 911 GEORGICON
1082 829 1184 902 ΙΙΙ.
1240 853 1274 901 v.
1321 853 1415 921 4⁹4·
1512 830 1560 916 87

344 992 564 1085 Solvuntur,
587 996 782 1092 tardosque
801 994 905 1068 trahit
924 995 1022 1066 sinus
1041 996 1191 1065 ultimus
1211 992 1318 1064 orbis.

342 1109 408 1184 Est
427 1112 537 1184 etiam
557 1113 620 1183 ille
639 1115 760 1185 malus
777 1110 936 1182 Calabris
958 1112 994 1180 in
1015 1110 1161 1182 saltibus
1179 1109 1328 1207 anguis,

343 1223 524 1321 Squamea
543 1230 766 1306 convolvens
784 1227 926 1311 sublato
948 1244 1094 1321 pectore
1115 1244 1227 1324 terga,

342 1340 464 1437 Atque
482 1343 581 1421 notis
601 1345 752 1442 longam
770 1343 978 1413 maculosus
999 1339 1190 1438 grandibus
1210 1339 1352 1411 alvom:

344 1456 441 1563 Qui,
463 1458 557 1530 dum
576 1483 703 1535 amnes
722 1459 788 1528 ulli
806 1474 1025 1550 rumpuntur
1039 1452 1226 1543 fontibus,
1247 1473 1282 1526 et
1302 1455 1394 1530 dum

342 1570 439 1645 Vere
461 1573 610 1646 madent
631 1574 708 1646 udo
728 1590 859 1662 terrae,
887 1595 927 1641 ac
949 1571 1171 1665 pluvialibus
1192 1569 1351 1659 Austris,

341 1686 473 1788 Stagna
489 1690 599 1779 colit,
625 1691 787 1785 ripisque
805 1687 990 1775 habitans,
1011 1685 1096 1779 hinc
1114 1684 1275 1781 piscibus
1292 1705 1406 1758 atrarn

340 1804 526 1900 Inprobus
546 1802 746 1903 ingluviem
765 1803 931 1896 ranisque
950 1800 1167 1896 loquacibus
1185 1803 1319 1896 explet.

341 1916 543 2014 Postquam
562 1940 686 1993 exusta
705 1921 834 2015 palus,
855 1938 1038 2010 terraeque
1057 1917 1181 1988 ardore
1202 1917 1413 2007 dehiscunt,

341 2033 470 2107 Exsilit
486 2035 526 2106 in
547 2036 702 2126 siccum,
724 2053 761 2107 et
779 2033 1004 2105 flammantia
1024 2033 1164 2103 lumina
1183 2048 1359 2125 torquens

340 2147 458 2223 Saevit
478 2151 589 2249 agris,
612 2175 787 2246 asperque
807 2149 863 2221 siti
886 2167 995 2244 atque
1012 2149 1195 2220 exterritus
1213 2165 1321 2218 aestu.

342 2263 398 2336 Ne
419 2265 509 2335 mihi
527 2283 606 2336 tum
625 2267 751 2338 mollis
771 2265 840 2350 sub
859 2246 946 2335 divo
965 2288 1106 2358 carpere
1127 2287 1302 2352 somnos,

343 2378 424 2450 Neu
445 2379 553 2453 dorso
573 2383 732 2454 nemoris
752 2381 862 2452 libeat
876 2380 1030 2478 jacuisse¹
1048 2404 1112 2475 per
1126 2378 1269 2450 herbas:

342 2493 475 2599 Quom
495 2492 625 2592 positis
645 2522 763 2574 novus
780 2497 917 2569 exuviis
934 2495 1146 2589 nitidusque
1159 2494 1308 2593 juventa

343 2607 534 2702 Volvitur,
555 2631 616 2685 aut
634 2614 774 2686 catulos
791 2612 891 2684 tectis
914 2630 975 2683 aut
992 2636 1060 2683 ova
1078 2611 1308 2703 relinquens,

340 2720 486 2798 Arduus
505 2729 551 2798 ad
569 2730 708 2818 solem,
733 2745 769 2799 et
786 2727 919 2826 linguis
936 2726 1047 2799 micat
1067 2751 1127 2798 ore
1147 2725 1308 2796 trisulcis.

396 2840 614 2915 Morborum
634 2868 787 2937 quoque
807 2857 845 2917 te,
862 2866 1001 2926 caussas
1019 2860 1055 2914 et
1073 2843 1173 2942 signa
1191 2839 1345 2913 docebo.

339 2952 473 3050 Turpis
494 2957 572 3029 ovis
590 2974 704 3041 tentat
719 2957 875 3046 scabies,
898 2955 965 3031 ubi
983 2955 1132 3054 frigidus
1152 2956 1268 3028 imber

338 3068 456 3141 Altius
474 3072 520 3141 ad
538 3071 665 3143 vivom
684 3070 862 3166 persedit,
884 3088 921 3141 et
936 3070 1079 3157 horrida
1098 3094 1189 3143 cano

340 3178 472 3254 Bruma
492 3187 575 3283 gelu
598 3215 607 3256 ε
636 3187 694 3257 vel
712 3209 831 3280 quom
848 3186 965 3261 tonsis
982 3185 1119 3257 inlotus
1139 3186 1297 3259 adhaesit

337 3295 480 3388 Sudor,
501 3318 537 3371 et
556 3300 681 3375 hirsuti
702 3319 890 3394 secuerunt
909 3324 1060 3395 corpora
1077 3325 1211 3397 vepres.

337 3411 515 3488 Dulcibus
536 3415 667 3488 idcirco
687 3415 807 3488 fluviis
826 3440 937 3512 pecus
958 3439 1070 3501 omne
1088 3417 1247 3514 magistri

337 3527 586 3620 perfundunt,
605 3532 763 3627 udisque
782 3532 870 3604 aries
890 3533 929 3621 in
947 3533 1082 3631 gurgite
1103 3532 1199 3604 villis

336 3643 531 3737 Mersatur,
553 3648 762 3743 missusque
786 3648 949 3730 secundo
970 3645 1098 3721 defluit
1118 3648 1242 3718 amni:

332 3757 408 3831 Aut
424 3776 576 3833 tonsum
594 3765 683 3836 tristi
702 3763 920 3862 contingunt
943 3787 1075 3857 corpus
1096 3786 1262 3852 amurca,

333 3874 379 3946 Et
399 3899 549 3971 spumas
566 3879 720 3965 miscent
739 3879 896 3978 argenti,
916 3880 1071 3971 vivaque
1092 3875 1246 3966 sulfura,

334 3989 533 4085 Idaeasque
551 3993 674 4086 pices,
697 4011 733 4065 et
751 3993 897 4091 pinguis
917 3994 1077 4092 unguine
1096 4016 1209 4081 ceras,

332 4103 578 4200 Scillamque,
601 4108 854 4201 elleborosque
874 4110 1011 4208 gravis,
1036 4109 1253 4211 nigrumque
1270 4107 1448 4182 bitumen.

331 4219 421 4290 Non
441 4241 565 4294 tamen
583 4224 658 4293 ulla
677 4222 792 4321 magis
809 4247 976 4317 praesens
995 4221 1139 4296 fortuna
1155 4222 1323 4296 laborum
1342 4242 1414 4317 est,

332 4332 458 4440 Quam
476 4337 506 4409 ai
525 4341 609 4432 quis
629 4334 720 4409 ferro
741 4337 863 4431 potuit
878 4336 1076 4411 rescindere
1095 4362 1285 4411 summurn

330 4448 468 4539 Ulceris
485 4477 536 4539 os
576 4454 680 4531 alitur
700 4454 853 4542 vitium,
875 4454 1039 4549 vivitque
1058 4454 1238 4552 tege-ndo:

330 4563 433 4651 Du'rn
450 4568 608 4655 medicas
625 4569 793 4651 adhibere
812 4594 942 4649 manus
961 4570 1007 4642 ad
1025 4573 1170 4640 volnera
1191 4588 1314 4666 pastor

328 4680 514 4783 Abnegat,
535 4704 597 4767 aut
614 4686 766 4764 meliora
785 4683 875 4759 deos
893 4685 993 4760 sedet
1014 4687 1140 4763 omina
1160 4702 1324 4781 poscens.

1137 4805 1157 4844 ἃ
