3750 6217
357 781 435 856 mo
540 765 1370 866 troarnosrn.ern

323 951 327 960 '
351 933 548 1045 Cycladas,
568 967 604 1018 et
622 929 749 1020 crebris
769 948 920 1046 legimus
939 946 1024 1020 freta
1044 948 1185 1020 concita
1202 945 1307 1018 tenis.

350 1061 527 1136 Nauticus
544 1061 700 1132 exoritur
716 1049 811 1133 vario
832 1064 1023 1134 certamine
1042 1066 1186 1135 clamor.

351 1178 548 1250 Hortantur
567 1177 677 1264 socii,
701 1175 843 1249 Cretam
861 1204 1088 1273 proavosque
1107 1199 1283 1273 petamus.

352 1293 584 1387 Prosequitur
601 1316 744 1389 surgens
763 1320 783 1364 a
802 1295 921 1390 puppi
941 1307 1068 1366 ventus
1089 1295 1230 1379 euntis,

350 1409 398 1480 Et
417 1407 564 1478 tandem
585 1405 743 1500 antiquis
763 1401 935 1481 Curetum
954 1409 1157 1482 adlabimur
1175 1408 1253 1480 oris·

352 1521 445 1623 Ergo
466 1521 591 1594 avldus
610 1541 735 1595 muros
756 1543 898 1618 optatae
919 1515 1054 1596 molior
1074 1525 1195 1614 urbis,

353 1637 655 1737 Pergameamque
675 1663 793 1729 voco,
817 1657 851 1709 et
869 1641 1000 1711 laetam
1019 1641 1239 1739 cognomine
1259 1655 1403 1737 gentem

351 1753 488 1825 Hortor
504 1771 621 1823 amate
640 1753 762 1844 focos,
782 1779 972 1848 arcemque
993 1755 1164 1827 adtollere
1183 1755 1293 1826 tectis,

348 1868 505 1962 Jamque
525 1866 596 1938 lere
616 1869 709 1940 sicco
729 1863 924 1941 subductae
941 1857 1046 1941 litore
1065 1877 1231 1964 puppes,

353 1973 559 2056 Contrubiis
577 1985 741 2078 arvisque
760 1985 864 2057 novis
882 2005 1026 2079 operata
1041 1989 1233 2084 juventus;

350 2089 435 2189 Jura
454 2093 663 2194 domosque
685 2089 817 2170 dabam
839 2128 847 2168 :
879 2101 1000 2172 subito
1023 2116 1138 2195 quom
1159 2093 1279 2170 tabida
1298 2095 1492 2186 membris,

354 2213 547 2308 Conmpto
568 2201 661 2285 coeli
677 2233 809 2304 tractu,
830 2213 1105 2309 miserandaque
1123 2217 1222 2287 venit

353 2317 626 2422 Arboribusque
643 2330 797 2424 satisque
816 2333 914 2420 lues,
939 2349 974 2402 et
993 2330 1106 2403 letifer
1123 2355 1248 2402 annus.

353 2444 586 2539 Linquebant
603 2444 719 2516 dulcis
738 2448 895 2537 animas,
918 2465 979 2518 aut
1000 2471 1098 2545 aegra
1119 2446 1304 2518 trahebant

354 2555 526 2657 Corpora.
562 2569 644 2630 tuin
663 2562 796 2634 steriles
815 2585 956 2633 exurere
973 2559 1082 2633 Sirius
1100 2572 1210 2660 agros.

352 2675 681 2765 Arebantherbae,
701 2695 736 2749 et
755 2678 890 2750 victum
911 2701 1009 2776 seges
1027 2703 1126 2776 aegra
1146 2676 1305 2774 negabat

353 2785 490 2865 Rursus
509 2792 555 2863 ad
576 2793 735 2863 oraclum
753 2793 921 2893 Ortygiae
942 2784 1207 2886 Phoebumque
1224 2813 1388 2863 remenso

353 2891 525 2981 Hortatur
544 2917 643 3003 pater
662 2908 711 2978 ire
727 2909 839 2999 mari,
862 2909 1080 3003 veniamque
1100 2908 1250 3003 precari:

354 3023 479 3132 Quam
497 3021 595 3097 fessis
614 3021 723 3095 finem
741 3021 845 3098 rebus
865 3021 973 3096 ferat:
1002 3025 1100 3095 unde
1120 3023 1287 3093 laborum

354 3139 507 3213 Tentare
524 3140 702 3211 aturiliurn
719 3141 869 3237 jubeat:
900 3166 975 3235 quo
990 3164 1121 3212 vertere
1140 3162 1270 3212 cursus.

411 3256 500 3328 Nox
517 3274 607 3344 erat,
632 3274 667 3326 et
683 3256 782 3327 terris
802 3253 971 3327 animalia
989 3281 1141 3328 somnus
1158 3252 1321 3325 habebat.

355 3372 496 3470 Effigies
516 3394 628 3441 sacrae
646 3367 793 3458 divom,
814 3370 1030 3474 Phrygiique
1051 3362 1222 3456 Penates,

356 3487 464 3592 Quos
482 3507 627 3554 mecum
645 3509 665 3553 a
685 3482 818 3573 Troia,
839 3486 1041 3578 mediisque
1061 3509 1106 3554 ex
1126 3477 1269 3582 ignibus
1287 3479 1385 3554 urbis

356 3601 583 3688 Extuleram,
605 3598 673 3670 visi
692 3617 773 3670 ante
794 3601 920 3670 oculos
937 3591 1071 3669 adstare
1086 3598 1236 3696 jacentis

356 3718 401 3787 In
418 3703 580 3805 somnis,
600 3715 719 3786 multo
740 3713 920 3785 manifesti
941 3713 1102 3802 lumine,
1129 3737 1200 3806 qua
1220 3735 1257 3783 se

238 3918 242 3926 Ι
356 3831 467 3904 Plena
486 3849 548 3927 per
567 3831 710 3903 insertas
729 3827 903 3900 fundebat
922 3830 1009 3899 luna
1029 3827 1204 3901 fenestras.

355 3948 456 4019 Tum
474 3948 524 4020 sic
544 3946 676 4036 adfari,
695 3965 730 4018 et
749 3969 846 4018 curas
865 3945 920 4018 his
940 3935 1083 4016 demere
1103 3929 1231 4016 dictis!

413 4062 530 4167 Quod
548 4063 613 4134 tibi
634 4063 752 4133 delato
773 4062 960 4160 Ortygiam
978 4060 1137 4133 dictunrs
1156 4059 1296 4155 Apollo
1317 4074 1398 4149 est,

356 4174 425 4249 Hic
446 4177 561 4256 canit;
593 4196 628 4248 et
644 4195 705 4248 tua
722 4201 853 4280 nosen
873 4179 967 4248 ultro
986 4176 1031 4246 ad
1051 4176 1176 4247 limina
1194 4177 1313 4247 mittit.

356 4293 435 4365 Nos
454 4312 511 4382 te,
534 4291 711 4364 Dardania
731 4281 892 4382 incensa,
913 4312 1045 4385 tuaque
1066 4319 1161 4363 anna
1182 4293 1315 4370 secuti;

356 4407 435 4482 Nos
457 4408 639 4479 tumidum
661 4395 727 4480 sub
744 4421 779 4482 te
797 4409 978 4504 permensi
998 4408 1169 4480 classibus
1187 4431 1341 4499 ¹aequor:

357 4525 475 4596 Iidem
495 4539 663 4597 venturos
683 4527 854 4596 tollemus
875 4525 913 4595 in
933 4544 1022 4595 astra
1041 4541 1216 4617 nepotes,

357 4639 633 4738 Imperiumque
651 4641 730 4714 urbi
751 4641 927 4714 dabimus.
968 4658 1010 4711 tu
1028 4639 1173 4710 moenia
1192 4637 1331 4735 magnis
