3750 6217
371 728 375 735 ’
474 739 1264 866 Aruernosv.lrm
1398 791 1491 893 oq

267 937 395 1037 Exigui
417 959 592 1024 numero,
618 935 679 1008 sed
700 935 800 1005 bello
821 934 939 1005 vivida
958 933 1077 1006 virtus.

205 1050 210 1065 ⁸
266 1055 402 1125 Interea
422 1050 560 1123 Aeneas
579 1053 707 1125 urbem
728 1051 890 1148 designat
910 1067 1045 1139 aratro,

262 1168 485 1260 Sortiturque
504 1167 638 1246 domos
659 1195 666 1235 :
696 1167 797 1237 hocc'
820 1164 956 1254 Ilium,
977 1187 1013 1236 et
1032 1167 1116 1237 haec
1137 1168 1219 1236 loca
1238 1164 1388 1239 Troiam

262 1285 348 1358 Esse
362 1284 475 1383 jubet.
514 1283 644 1382 gaudet
664 1306 774 1380 regno
794 1281 974 1352 Troianus
995 1279 1158 1370 Acestes,

263 1401 467 1494 indicitque
491 1397 631 1489 sonim,
659 1417 695 1470 et
718 1396 879 1493 patribus
901 1397 963 1468 dat
980 1399 1058 1494 jura
1074 1397 1219 1469 vocatis.

263 1514 364 1589 Turn
389 1515 506 1588 vicina
528 1516 624 1587 astris
648 1514 800 1609 Erycino
824 1514 861 1581 in
881 1512 1008 1583 vertice
1026 1511 1126 1583 sedes

261 1631 445 1704 Fundatur
464 1629 599 1719 Veneri
624 1631 782 1718 ldaliae;
807 1628 1027 1719 tumuloque
1050 1626 1215 1701 sacerdos

258 1746 311 1819 Ac
332 1750 432 1819 lucus
452 1748 520 1817 late
547 1770 639 1818 sacer
661 1745 804 1815 additur
824 1741 1015 1814 Anchiseo.

312 1863 468 1958 Jamque
490 1860 564 1933 dies
585 1863 727 1956 epulata
749 1883 884 1943 nqvem
901 1883 988 1955 gens
1007 1859 1144 1947 omnis,
1170 1875 1206 1931 et
1229 1861 1297 1935 aris

262 1978 388 2051 Factus
412 1979 558 2056 hon0s;
581 1976 715 2072 placidi
736 1991 928 2051 straverunt
947 1998 1100 2067 aequora
1123 1976 1243 2046 venti:

258 2093 387 2165 Creber
409 2113 444 2165 et
467 2091 650 2188 adspirans
675 2116 792 2163 nusus
816 2107 921 2161 vocat
943 2088 1071 2162 Auster
1090 2092 1129 2159 in
1152 2091 1276 2164 altum.

220 2201 222 2205 ’
256 2209 422 2280 Exoritur
443 2233 616 2302 procurva
641 2209 768 2306 ingens
790 2231 855 2299 per
874 2206 977 2277 litora
1000 2205 1127 2277 fletus:

256 2323 437 2418 Conplexi
458 2324 548 2394 inter
571 2349 606 2396 se
630 2339 851 2414 noctemque
873 2321 1044 2414 diemque
1066 2339 1259 2399 morantur.

256 2441 360 2535 Ipsae
374 2443 450 2540 jam
471 2455 618 2530 matres,
642 2440 735 2534 ipsi,
758 2437 891 2530 quibus
910 2462 1032 2531 aspera
1052 2436 1242 2529 quondam

252 2554 342 2627 Visa
365 2556 472 2635 maris
493 2552 619 2645 facies,
643 2571 679 2626 et
695 2576 775 2625 non
797 2552 983 2627 tolerabile
1002 2576 1159 2642 nornen,

252 2669 310 2742 lre
330 2674 486 2759 volunt,
512 2693 734 2762 omnemque
754 2666 858 2766 fugae
878 2666 1027 2761 perferre
1052 2666 1225 2741 laborem.

253 2782 360 2890 Quos
381 2787 501 2857 bonus
522 2784 660 2857 Aeneas
683 2784 787 2869 dictis
813 2785 949 2855 solatur
970 2783 1121 2872 amicis,

252 2897 299 2970 Et
322 2900 589 2997 consanguineo
615 2900 803 2971 lacrimans
825 2897 1044 2970 conmendat
1067 2896 1224 2971 Acestae.

252 3013 334 3088 Tris
359 3016 460 3109 Eryci
485 3015 640 3105 vitulos,
667 3035 703 3088 et
725 3013 1017 3108 Tempestatibus
1041 3038 1198 3110 agnam,
1262 3058 1265 3063 -

252 3128 409 3201 Caedere
431 3130 563 3201 deinde
576 3131 707 3229 jubet,
731 3129 897 3221 solvique
918 3151 964 3203 ex
987 3128 1111 3198 ordine
1129 3127 1265 3201 funem.

251 3245 363 3340 Ipse,
390 3259 497 3340 caput
515 3262 639 3316 tonsae
660 3243 757 3316 foliis
778 3244 938 3316 evinctus
959 3244 1101 3332 olivae,

250 3357 354 3431 Stans
373 3362 501 3454 procul
523 3359 561 3430 in
581 3384 686 3454 prora
703 3377 863 3453 pateram
882 3373 1000 3448 tenet,
1024 3377 1175 3451 extaque
1192 3360 1320 3431 salsos

250 3474 398 3546 Ponicit
417 3476 454 3550 in
478 3474 625 3565 fluctus,
654 3498 695 3545 ac
714 3474 798 3544 vina
823 3475 996 3567 liquentia
1016 3474 1147 3575 fundis

249 3588 480 3684 Prosequitur
501 3614 646 3688 surgens
669 3614 690 3660 a
715 3589 836 3684 puppi
858 3607 987 3661 ventus
1012 3592 1138 3663 euntis.

248 3703 420 3779 Certatim
443 3705 532 3777 socii
555 3704 687 3776 feriunt
705 3729 828 3795 mare,
853 3722 890 3776 et
908 3729 1061 3797 aequora
1080 3724 1231 3781 verrunt

304 3819 353 3892 At
376 3820 504 3893 Venus
526 3822 657 3901 interea
678 3819 894 3915 Neptunum
911 3822 1059 3893 exercita
1082 3822 1174 3894 curis

245 3934 487 4029 Adloquitur,
506 3936 657 4029 talisque
677 3934 829 4008 effundit
848 3954 991 4031 pectore
1012 3954 1174 4030 questus:

242 4051 400 4141 Junonis
416 4051 531 4149 gravis
550 4051 619 4141 ira,
643 4074 710 4134 nec
732 4052 964 4124 exsaturabile
985 4068 1131 4147 pectus,

246 4166 395 4266 Cogunt
415 4192 501 4256 me,
525 4165 718 4262 Neptune,
738 4191 859 4262 preces
882 4167 1095 4240 descendere
1117 4168 1156 4240 in
1180 4168 1324 4243 omnis:
1431 4238 1436 4247 .

244 4280 372 4387 Quam
396 4307 461 4353 nec
484 4270 593 4380 longa
614 4281 710 4372 dies,
733 4284 848 4378 pietas
862 4308 932 4356 nec
952 4284 1094 4381 mitigat
1113 4285 1214 4368 ulla;

243 4396 320 4468 Nec
337 4396 438 4486 Jovis
460 4398 613 4493 imperio
636 4395 758 4470 frtisve
781 4396 925 4472 infracta
945 4398 1105 4492 quiescit

243 4511 332 4595 Nou
356 4513 474 4585 media
496 4513 541 4585 de
561 4531 665 4611 gente
686 4513 870 4612 Phrygum
894 4514 1053 4586 exedisse
1073 4513 1239 4589 nefandis

243 4626 380 4700 Urbem
399 4628 494 4704 odiis
513 4630 595 4704 satis
617 4644 690 4722 est,
711 4654 778 4702 nec
795 4655 956 4726 poenam
973 4647 1069 4703 traxe
1091 4655 1154 4725 per
1176 4654 1327 4705 omnem
1429 4702 1432 4709 .
