3750 6217
993 514 1148 571 202
1381 488 2267 569 AExi-:1Dos
2380 488 3049 589 1V.v.589.

985 658 1227 749 Hicc',
1268 660 1366 737 ait
1389 712 1412 747 ,
1457 678 1526 729 et
1565 658 1822 729 nostris
1857 656 2181 739 inluserit
2216 655 2485 733 advena
2518 655 2751 755 regnis
2780 654 2821 726 ἓ

983 774 1162 851 Non
1201 799 1392 844 arma
1433 772 1855 867 expedient,
1900 790 2195 865 totaque
2234 796 2323 845 ex
2354 772 2527 843 urbe
2568 788 3047 867 sequenturi

983 892 1508 985 Deripientque
1549 910 1726 959 rates
1763 888 1883 961 alii
1924 888 2295 959 navalibus
2336 888 2369 955 ?
2428 888 2567 976 ite,

981 1008 1184 1079 Ferte
1221 1004 1340 1075 citi
1379 1002 1706 1077 flammas
1731 1058 1750 1093 ‚
1791 1004 1951 1075 date
1986 1005 2185 1090 vela,
2228 1004 2551 1096 inpellite
2590 1026 2851 1075 remos.

985 1121 1190 1227 Quid
1227 1122 1494 1212 loquor
1529 1120 1562 1188 ?
1609 1138 1728 1189 aut
1765 1118 1893 1189 ubi
1934 1144 2091 1189 sum
2136 1120 2169 1187 ?
2214 1143 2397 1211 quae
2432 1138 2757 1191 mentem
2792 1117 3109 1199 insania
3144 1124 3445 1199 mutat?

981 1234 1252 1307 Infelix
1291 1234 1484 1304 Dido
1533 1236 1548 1301 Ξ
1611 1258 1800 1305 nunc
1841 1254 1911 1304 te
1950 1232 2131 1304 facta
2167 1234 2365 1326 inpia
2404 1251 2741 1332 tangunt}

983 1350 1186 1421 Tum
1223 1350 1507 1437 decuit,
1563 1374 1792 1443 quom
1835 1368 2103 1443 sceptra
2140 1346 2375 1419 dabas.
2454 1374 2546 1419 en
2582 1348 2831 1421 dextra
2864 1348 3303 1449 fidesque}

984 1464 1232 1571 Quem
1275 1490 1514 1537 secum
1551 1466 1818 1559 patrios
1857 1466 2059 1533 aiunt
2088 1482 2401 1557 portasse
2444 1464 2773 1536 Penatis:

983 1580 1238 1685 Quem
1273 1580 1576 1650 subiisse
1617 1580 1929 1650 humeris
1962 1578 2373 1655 confectum
2414 1599 2635 1651 aetate
2674 1578 3139 1673 parentem!

981 1694 1160 1767 Non
1189 1696 1399 1790 potui
1435 1695 1814 1789 abreptum
1855 1694 2187 1765 divellere
2228 1719 2489 1787 corpus
2514 1750 2535 1782 ‚
2586 1714 2657 1767 et
2692 1694 2917 1767 undis

983 1810 1316 1907 Spargere
1355 1811 1386 1880 ?
1445 1835 1596 1897 non
1639 1812 1872 1884 socios
1896 1864 1917 1897 ‚
1956 1833 2107 1879 non
2150 1810 2389 1903 ipsum
2434 1810 2797 1881 absumere
2838 1808 3045 1883 ferro

984 1925 1374 1998 Ascanium
1397 1980 1416 2013 ‚
1471 1926 1856 2019 patriisque
1894 1925 2337 2017 epulandum
2380 1950 2647 2018 ponere
2681 1926 2957 1997 mensis
2990 1928 3035 1997 Ξ)-

984 2040 1266 2111 Verum
1303 2064 1564 2133 anceps
1601 2064 1882 2135 pugnae
1916 2040 2141 2111 suerat
2182 2038 2483 2111 fortuna.
2564 2040 2829 2127 fuisset.

985 2156 1236 2261 Quem
1273 2156 1498 2233 metui
1537 2154 1879 2233 moritura
1914 2156 1947 2225 Β
2004 2153 2189 2225 faces
2225 2156 2301 2224 in
2340 2174 2553 2227 castra
2588 2157 2911 2229 tulissem
2940 2210 2971 2247 ,

983 2272 1534 2365 Inplessemque
1569 2268 1764 2345 foros
1803 2268 2151 2359 flammis,
2199 2288 2597 2364 natumque
2630 2290 3079 2367 patremque

983 2386 1182 2457 Cum
1221 2408 1471 2485 genere
1509 2386 1911 2471 exstinxem
1936 2441 1957 2473 ‚
2000 2405 2270 2457 memet
2306 2410 2519 2480 super
2556 2388 2711 2481 ipsa
2748 2386 3173 2473 dedissem.

981 2502 1150 2591 Sol,
1196 2502 1324 2595 qui
1359 2519 1694 2577 terrarum
1733 2498 2046 2573 flammis
2077 2526 2295 2595 opera
2332 2502 2581 2581 omnia
2616 2505 2905 2591 lustras,

981 2616 1252 2711 Tuque
1287 2616 1538 2687 harum
1577 2618 1915 2711 interpres
1950 2642 2269 2688 curarum
2310 2618 2380 2689 et
2414 2619 2699 2689 conscia
2730 2616 2931 2706 Juno
2952 2670 2987 2709 ,

981 2732 1518 2833 Noctumisque
1555 2732 1820 2805 Hecate
1851 2732 2075 2805 triviis
2107 2733 2375 2805 ululata
2412 2757 2538 2826 per
2574 2731 2825 2821 urbeS,

981 2848 1075 2921 Et
1111 2848 1320 2921 Dirae
1361 2849 1640 2921 ultrices
1665 2902 1688 2937 ,
1733 2868 1806 2920 et
1841 2846 1946 2918 dii
1984 2848 2359 2920 morientis
2398 2847 2661 2921 Elissae
2692 2902 2716 2937 ,

981 2963 1318 3057 Adcipite
1355 2964 1526 3034 haec
1545 3018 1566 3051 ,
1601 2962 2087 3058 meritumque
2124 2964 2333 3041 malis
2366 2963 2701 3043 advertite
2735 2987 3015 3035 numen
3040 3016 3081 3057 ,

983 3078 1078 3157 Et
1114 3096 1388 3148 nostras
1424 3078 1666 3149 audite
1698 3101 1959 3171 preces.
2040 3079 2099 3149 si
2134 3098 2411 3175 tangere
2445 3098 2701 3174 portus

983 3190 1380 3283 Infandum
1419 3212 1636 3284 caput
1661 3245 1684 3280 ,
1731 3215 1812 3263 ac
1843 3193 2037 3279 terris
2078 3192 2333 3265 adnare
2368 3218 2648 3267 necesse
2686 3213 2791 3266 est
2810 3246 2839 3283 ,

981 3306 1076 3379 Et
1115 3306 1214 3377 sic
1247 3304 1388 3375 fata
1417 3304 1620 3393 jovis
1658 3325 1973 3401 poscunt
1994 3360 2015 3395 ‚
2059 3308 2175 3387 hic
2209 3310 2561 3389 terminus
2590 3309 2825 3389 haeret
2850 3336 2871 3378 ε

983 3420 1084 3493 At
1119 3421 1316 3493 bello
1353 3420 1640 3493 audacis
1676 3422 1939 3516 populi
1976 3440 2268 3493 vexatus
2303 3443 2373 3503 et
2406 3426 2617 3497 armis
2638 3478 2663 3515 ,

983 3538 1286 3613 Finibus
1323 3538 1614 3623 extorris
1644 3592 1666 3629 ,
1705 3537 2069 3629 conplexu
2102 3540 2385 3619 avolsus
2424 3540 2605 3630 Iuli,

983 3654 1362 3733 Auxilium
1401 3655 1746 3751 inploret,
1791 3652 2171 3748 videatque
2211 3655 2501 3753 indigna
2542 3680 2837 3729 suorum

981 3770 1260 3847 Funera
1299 3799 1318 3841 ι
1373 3793 1550 3861 nec²
1590 3794 1824 3863 quom
1865 3792 1937 3845 se
1976 3768 2109 3840 sub
2148 3771 2333 3869 leges
2367 3771 2563 3865 pac-is
2602 3771 2888 3867 iniquae

1019 3884 1383 3956 ‚fiderit
1475 3908 2120 3956 151ssaufln.tt
2224 3920 2320 3956 --
2549 3914 2552 3915 ’
