3750 6217
480 757 932 836 AENEIDOS
989 759 1037 832 X.
1096 784 1129 834 v.
1178 783 1270 858 aqu.

273 924 434 999 Advertit
454 923 579 1018 subito
595 949 764 1019 proram,
783 924 975 1018 sociosque
995 943 1173 1019 precatur:

272 1041 398 1130 Nunc,
422 1066 445 1113 o
466 1043 558 1112 lecta
577 1065 727 1130 manus,
744 1040 874 1111 validis
892 1040 1092 1118 incumbite
1112 1040 1235 1120 remim

273 1157 430 1246 Tollite,
451 1155 537 1226 ferte
554 1173 644 1228 rates
659 1187 667 1237 ;
691 1157 880 1251 inimicam
898 1154 1023 1226 findite
1041 1156 1164 1234 rostris

273 1272 379 1350 Hanc
399 1291 549 1359 terram,
569 1274 786 1365 sulcumque
806 1271 874 1342 sibi
895 1288 1036 1363 premat
1053 1271 1131 1364 ipsa
1150 1269 1276 1345 carina

274 1387 446 1485 Frangere
466 1410 533 1457 nec
549 1385 614 1456 tali
630 1386 791 1481 puppim
810 1386 968 1464 statione,
981 1410 1105 1456 recuso
1119 1415 1128 1464 ;

274 1501 434 1596 Adrepta
453 1503 579 1575 tellure
600 1504 721 1575 semel.
758 1525 851 1596 quae
871 1500 955 1572 talia
975 1520 1176 1594 postquam

274 1616 412 1697 Effatus
429 1612 565 1706 Tamo,
584 1617 675 1705 socii
693 1641 904 1714 consurgere
924 1615 1057 1704 tonsis,

275 1731 566 1828 spumantesque
585 1750 674 1805 rates
694 1731 784 1803 arvis
804 1729 931 1802 inferre
952 1730 1111 1802 Latinis:

276 1847 408 1919 Donec
425 1865 535 1919 rostra
553 1865 678 1925 tenent
697 1847 854 1935 siccum,
875 1865 912 1918 et
930 1846 1043 1917 sidere
1062 1848 1201 1918 carinae

277 1963 420 2034 Omnes
440 1964 626 2046 innocuae.
668 1961 827 2036 sednon
847 1963 984 2055 puppis
1003 1981 1087 2050 tua,
1106 1961 1233 2035 Tarco.

277 2076 450 2171 Namque
470 2075 605 2148 inflicta
623 2076 725 2150 vadis
745 2075 853 2148 dorso
875 2076 966 2147 dum
983 2077 1118 2169 pendet
1136 2078 1291 2172 iniquo,

277 2189 423 2286 Anceps
441 2209 632 2264 sustentata
649 2192 733 2282 diu,
756 2190 961 2284 fluctusque
981 2189 1125 2289 fatigat,

276 2305 456 2396 Solvitur,
477 2324 586 2401 atque
604 2307 701 2381 viros
718 2306 849 2378 mediis
867 2308 1019 2400 exponit
1038 2309 1076 2377 in
1097 2307 1227 2387 undis:

277 2421 466 2519 fragmina
483 2446 669 2509 remorum
689 2446 784 2515 quos
804 2439 840 2493 et
857 2419 1033 2503 fluitantia
1053 2439 1197 2510 transtra

279 2535 499 2631 Inpediunt,
522 2536 739 2630 retrahitque
760 2535 894 2629 pedem
916 2535 1027 2606 simul
1044 2536 1142 2607 unda
1162 2537 1334 2613 relabens.

278 2649 356 2749 Nec
373 2650 542 2722 Turnum
564 2651 681 2749 segnis
701 2652 829 2722 retinet
844 2673 949 2722 mora
971 2677 979 2717 :
1010 2650 1072 2722 sed
1090 2652 1181 2746 rapit
1196 2678 1275 2724 acer

278 2765 416 2837 Totam
436 2766 551 2837 aciem
571 2767 610 2836 in
632 2765 814 2855 Teucros,
836 2784 874 2836 et
890 2784 1014 2836 contra
1033 2766 1071 2843 in
1091 2767 1195 2857 litore
1216 2769 1316 2845 sistit.

278 2878 384 2979 Signa
403 2897 546 2951 canunt
583 2881 724 2974 primus
741 2897 876 2952 turmas
896 2880 1025 2951 invasit
1043 2883 1187 2977 agrestis

279 2993 439 3085 Aeneas,
462 3017 573 3064 omen
591 3018 754 3092 pugnae:
774 2994 967 3086 stravitque
987 2993 1154 3082 Latinos,

279 3110 413 3182 Occiso
433 3108 623 3196 Therone,
647 3109 767 3186 virum
787 3109 853 3202 qui
870 3132 1066 3201 maxumus
1084 3110 1179 3181 ultro

279 3224 427 3297 Aenean
447 3224 548 3319 petit
593 3223 677 3295 huic
696 3224 818 3323 gladio
838 3247 977 3319 perque
997 3248 1094 3305 aerea
1115 3243 1215 3314 suta,

280 3339 349 3412 Per
366 3339 528 3410 tunicam
550 3340 775 3432 squalentem
795 3363 904 3429 auro,
927 3340 1019 3423 latus
1038 3339 1155 3429 haurit
1173 3359 1347 3435 apertum.

280 3454 374 3526 Inde
395 3452 530 3524 Lichan
548 3452 647 3544 ferit,
669 3472 854 3546 exsectum
867 3456 948 3552 jam
965 3473 1078 3527 matre
1098 3474 1275 3549 peremta,

280 3569 326 3642 Et
344 3568 436 3656 tibi,
460 3567 633 3659 Phoebe,
656 3592 817 3650 sacrum3
840 3577 942 3642 casus
961 3569 1108 3641 evadere
1128 3567 1208 3642 ferri

281 3683 398 3790 Quod
417 3684 519 3755 licuit
535 3707 666 3787 parvo,
697 3708 765 3762 nec
784 3685 917 3782 longe,
942 3684 1066 3782 Cissea,
1082 3684 1234 3776 durum,

281 3801 551 3891 Inmanemque
570 3798 700 3892 Gyan,
724 3800 908 3872 sternentis
928 3800 1072 3899 agmina
1091 3802 1209 3890 clava,

282 3911 422 4012 Dejecit
439 3913 512 3987 leto
535 3939 543 3981 ι
572 3913 665 3983 nihil
683 3913 769 3985 illos
786 3915 950 3995 Herculis
968 3939 1083 4005 arma,

282 4027 359 4099 Nec
375 4026 514 4099 validae
528 4027 659 4124 juvere·
670 4051 802 4121 manus
815 4054 835 4118 ,¹
845 4019 1068 4128 genitorque
1080 4028 1310 4125 Melampus,

281 4142 431 4215 Alcidae
451 4165 574 4214 comes
592 4166 730 4234 usque,
754 4144 865 4241 gravis
883 4144 975 4217 mim
991 4162 1079 4216 terra
1096 4144 1237 4220 labores
1302 4131 1306 4139 ’

282 4256 460 4335 Praebuit.
498 4280 579 4328 ecce
600 4255 735 4346 Pharo,
758 4281 866 4331 voces
885 4259 980 4331 dum
993 4262 1102 4358 jactat
1119 4261 1262 4352 inertis,

283 4372 503 4466 Intorquens
518 4372 682 4471 jaculum
702 4372 871 4455 clamanti
892 4375 983 4449 sistit
1001 4375 1039 4446 in
1061 4400 1131 4447 ore.

282 4484 344 4560 Tu
363 4512 534 4583 quoque,
556 4484 749 4559 flaventem
766 4488 884 4582 prima
901 4491 1072 4590 lanugine
1090 4492 1203 4565 malas

283 4599 387 4675 Dum
408 4602 565 4697 sequerls
582 4600 748 4700 Clytium
764 4601 914 4696 infelix,
933 4629 1029 4681 nova
1048 4605 1201 4709 gaudia,
1224 4606 1379 4704 Cydon3

1406 780 1484 899 3ss
