3750 6217
366 833 417 927 9⁶
516 825 1406 911 ceoaurcouruv.127.

367 993 560 1090 Corycium
583 993 712 1065 vidisse
736 1010 856 1066 senem
882 1020 889 1060 :
919 992 976 1061 cui
1000 1014 1112 1086 pauca
1133 991 1243 1064 relicti

363 1107 490 1209 Jugera
511 1109 597 1179 ruris
614 1125 738 1178 erant:
768 1133 833 1179 nec
855 1105 977 1179 fertilis
1006 1107 1063 1176 illa
1079 1107 1265 1206 juvencis,

370 1222 445 1296 Nec
465 1223 584 1318 pecori
604 1244 808 1317 opportuna
827 1247 949 1321 seges,
970 1246 1035 1292 nec
1059 1225 1254 1294 commoda
1275 1222 1422 1296 Baccho,

368 1339 439 1411 Hic
458 1364 573 1409 mrum
590 1358 711 1409 tamen
730 1333 765 1409 in
784 1337 904 1410 dumis
922 1341 1020 1427 olus,
1045 1339 1197 1432 albaque
1216 1340 1347 1410 circum

370 1455 483 1542 Lilia,
507 1454 746 1548 verbenasque
762 1477 956 1550 premens,
980 1479 1198 1547 vescumque
1222 1480 1392 1549 papaver,

368 1569 509 1668 Regum
530 1568 701 1675 aequabat
719 1594 807 1664 opes
829 1568 982 1647 anitnis;
1003 1561 1147 1661 seraqire
1168 1590 1342 1642 revertens

370 1685 486 1756 Nocte
503 1683 657 1754 domum
676 1680 830 1779 dapibus
852 1699 992 1754 mensas
1013 1684 1180 1755 onerabat
1200 1685 1352 1756 inemtis.

371 1800 510 1870 Primus
534 1813 613 1869 tere
632 1822 748 1870 rosam
771 1814 876 1891 atque
899 1816 1074 1868 autumno
1101 1824 1240 1893 carpere
1263 1819 1392 1893 poma,

372 1913 418 1986 Et
439 1939 555 2009 quom
578 1913 684 1987 tristis
708 1913 822 1985 hiems
845 1911 1043 1984 etiamnum
1067 1912 1193 2011 frigore
1217 1937 1298 1985 sara

370 2029 591 2124 Rumperet,
613 2045 648 2102 et
670 2029 779 2128 glacie
799 2053 918 2101 cursus
942 2026 1087 2098 frenaret
1107 2054 1300 2121 aquanrm,

373 2146 440 2216 Ille
465 2161 608 2214 comam
632 2141 756 2216 mollis
773 2147 849 2243 jam
869 2142 1042 2213 tondebat
1063 2144 1264 2238 hyacinthi,

371 2259 553 2333 Aestatem
572 2259 785 2353 increpitans
805 2281 935 2347 seram,
957 2256 1216 2353 Zephyrosque
1233 2259 1415 2331 morantis.

370 2369 465 2472 ¹Ergo
488 2374 616 2469 apibus
635 2367 714 2446 fetis
735 2375 831 2445 idem
850 2387 959 2467 atque
977 2374 1140 2443 examine
1159 2376 1277 2446 multo

374 2483 514 2559 Primus
534 2489 735 2580 abundare,
757 2507 791 2563 et
811 2489 1013 2584 spumantia
1032 2514 1156 2587 cogere
1176 2491 1305 2584 pressis

374 2603 484 2675 Mella
504 2603 615 2675 favis:
644 2606 696 2675 illi
710 2607 827 2694 tiliae,
848 2621 954 2697 atque
974 2601 1149 2675 uberrima
1170 2606 1300 2699 pinus:

376 2719 550 2825 Quotque
572 2720 608 2788 in
631 2720 717 2792 flore
738 2746 836 2792 novo
861 2718 984 2814 pomis
1007 2744 1044 2790 se
1068 2718 1187 2790 fertilis
1204 2721 1316 2826 ¹arbos

376 2830 564 2924 Induerat,
585 2831 739 2907 totidem
762 2851 935 2908 autumno
958 2853 1092 2905 matura
1114 2834 1267 2906 tenebat

376 2951 444 3020 Ille
469 2955 575 3022 ctiam
600 2976 690 3024 seras
715 2955 754 3023 in
777 2974 916 3039 versum
939 2950 1076 3022 distulit
1094 2952 1237 3038 ulmos,

377 3059 605 3161 Edtuamque
626 3069 771 3162 pinrm,
795 3086 830 3141 et
855 3068 979 3162 spinos
995 3068 1072 3165 jam
1092 3080 1205 3162 pruna
1228 3066 1393 3155 {erenti5,

372 3179 527 3274 Jamque
543 3184 799 3256 ministrantem
818 3185 1005 3277 platanum
1026 3181 1233 3277 potantibus
1251 3181 1403 3252 umbras.

376 3289 515 3364 Verum
539 3298 622 3366 haec
642 3300 719 3390 ipse
739 3298 908 3393 equidem
932 3293 1053 3393 spatiis
1079 3299 1240 3368 exclusus
1263 3298 1397 3389 iniquis

378 3407 585 3497 Praetereo,
609 3430 715 3503 atque
735 3415 811 3484 aliis
836 3430 921 3504 post
944 3438 1004 3481 me
1030 3410 1262 3481 memoranda
1285 3412 1460 3504 relinquo.

435 3521 542 3593 Nunc
563 3549 642 3621 age,
668 3546 805 3598 naturas
826 3521 954 3619 apibus
972 3552 1060 3619 quas
1075 3525 1243 3617 Juppiter
1263 3525 1338 3616 ipse

378 3637 550 3726 Addidit,
576 3639 763 3732 expediam
793 3669 799 3707 :
829 3665 894 3732 pro
919 3665 991 3733 qua
1010 3639 1196 3726 mercede,
1221 3654 1369 3710 canoros

379 3754 550 3825 Curetum
575 3755 713 3827 sonitus
737 3754 1013 3849 crepitantiaque
1036 3772 1110 3824 aera
1136 3771 1290 3843 secutae,

380 3870 528 3941 Dictaeo
550 3871 642 3942 coeli
661 3897 779 3969 regem
800 3893 925 3964 pavere
949 3868 1014 3940 sub
1036 3890 1147 3940 antro.

379 3985 483 4056 Solae
503 3987 709 4058 communis
726 4004 871 4084 gnatos,
891 3986 1067 4056 consortia
1086 4000 1175 4056 tecta

380 4101 486 4172 Urbis
503 4102 661 4190 habent,
687 4101 897 4199 magnisque
916 4102 1048 4199 agitant
1073 4102 1138 4174 sub
1159 4101 1296 4199 legibus
1317 4125 1463 4172 aevom:

383 4216 427 4287 Et
447 4213 594 4310 patriam
615 4220 711 4288 solae
736 4236 770 4287 et
793 4234 905 4287 certos
926 4235 1054 4288 novere
1073 4217 1231 4288 Penatis:

381 4330 416 4401 V
420 4351 633 4424 enturaeque
655 4332 784 4403 hiemis
803 4347 983 4405 memores
999 4350 1126 4406 aestate
1145 4333 1307 4402 laborem

381 4443 638 4540 Experiuntur,
663 4467 697 4520 et
717 4448 754 4517 in
775 4448 941 4516 medium
962 4449 1116 4542 quaesita
1139 4465 1328 4540 reponunt.

380 4557 552 4655 Namque
567 4564 655 4635 aliae
675 4569 771 4634 victu
790 4561 996 4659 invigilant,
1021 4582 1055 4636 et
1073 4562 1214 4633 foedere
1234 4580 1341 4653 pacto

381 4674 593 4752 Exercentur
612 4678 728 4780 agris:
756 4700 838 4773 pars
857 4678 946 4749 intra
968 4697 1066 4775 septa
1086 4678 1282 4748 domorum

371 4885 387 4916 Ι
