3750 6217
714 732 861 817 104
1042 701 2085 778 GEORGICON
2206 700 2358 773 IV.
2476 722 2816 797 v2391.

704 871 1162 944 Grandaevus
1202 868 1491 940 Nereus.
1571 868 1777 939 novit
1814 890 2132 959 namque
2174 865 2421 937 omnia
2457 883 2693 956 vates,

706 990 915 1094 Quae
948 987 1088 1059 sint
1110 1042 1128 1066 ,
1168 1011 1350 1078 quae
1387 984 1646 1072 fuerint
1675 1039 1694 1072 ‚
1741 1008 1925 1077 quae
1964 1006 2144 1052 mox
2180 999 2477 1053 ventura
2513 981 2891 1055 trahantur.

707 1105 1009 1210 Quippe
1049 1102 1146 1172 ita
1184 1100 1528 1195 Neptuno
1567 1100 1801 1171 visum
1841 1117 1947 1169 est
1986 1126 2002 1166 ε
2061 1097 2378 1168 inmania
2416 1098 2619 1196 cujus

705 1218 1045 1290 Armenta
1071 1271 1094 1307 ,
1140 1235 1209 1287 et
1242 1218 1468 1312 turpis
1506 1215 1735 1310 pascit
1776 1213 1913 1286 sub
1952 1214 2220 1312 gurgite
2255 1213 2544 1307 phocas.

705 1332 849 1405 Hic
883 1332 1015 1404 tibi
1041 1387 1063 1422 ,
1103 1352 1309 1420 nate,
1353 1332 1552 1426 ‘prius
1584 1331 1839 1401 vinclis
1880 1330 2317 1423 capiunduS,
2364 1348 2448 1400 ut
2484 1352 2785 1403 omnem

704 1449 1060 1545 Expediat
1098 1445 1337 1517 inorbl
1376 1472 1689 1518 caussam
1713 1499 1733 1532 ‚
1783 1460 2222 1539 eventusque
2262 1445 2621 1516 secundet.

705 1565 900 1635 Narn
942 1564 1092 1635 sine
1128 1564 1200 1631 vi
1241 1587 1394 1632 non
1431 1563 1577 1631 ulla
1615 1561 1814 1630 dabit
1851 1580 2219 1657 praecepta
2242 1615 2264 1650 ,
2308 1574 2547 1654 neque
2584 1561 2797 1633 illum

708 1671 1007 1751 Orando
1048 1678 1286 1750 flectes
1321 1706 1337 1746 ε
1395 1678 1543 1748 vim
1581 1676 1836 1746 duram
1869 1690 1940 1748 et
1970 1677 2256 1747 'vincula
2295 1695 2509 1770 capto

708 1790 984 1866 Tende.
1062 1794 1217 1864 doli
1257 1794 1523 1865 circum
1561 1792 1735 1861 haec
1766 1790 2064 1863 demum
2101 1789 2506 1890 frangentur
2544 1792 2806 1864 inanes.

711 1910 881 2003 Ipsa
920 1935 1053 2007 ego
1092 1927 1195 1998 te,
1237 1909 1521 1981 medios
1562 1931 1791 2001 quom
1836 1909 1948 1979 sol
1986 1907 2393 1979 adcenderit
2430 1920 2699 1994 aestus,

712 2023 970 2130 Quom
1010 2025 1258 2097 sitiunt
1290 2025 1582 2114 herbae,
1629 2041 1702 2093 et
1736 2023 1978 2116 pecori
2008 2025 2161 2123 jam
2201 2023 2459 2121 gratior
2496 2021 2748 2093 umbra
2784 2040 2924 2111 est,

710 2141 805 2209 In
842 2157 1101 2212 secreta
1140 2140 1325 2213 senis
1364 2139 1664 2227 ducam,
1711 2162 1861 2231 quo
1904 2137 2126 2211 fessus
2164 2138 2255 2209 ab
2290 2137 2505 2210 undis

712 2253 801 2325 Se
837 2255 1127 2348 recipit;
1172 2234 1377 2326 facile
1417 2274 1495 2326 ut
1536 2271 1798 2326 somno
1837 2254 2235 2351 adgrediare
2265 2256 2644 2351 jacentem.

714 2358 992 2441 Verum
1032 2369 1160 2440 ubi
1200 2388 1628 2463 conreptum
1667 2371 2004 2441 manibus
2037 2370 2434 2462 vinclisque
2473 2368 2786 2449 tenebis:

715 2485 915 2555 Turn
951 2485 1175 2556 variae
1218 2485 1510 2556 eludent
1550 2485 1820 2579 species
1858 2503 2074 2579 atque
2116 2503 2236 2556 ora
2275 2483 2596 2555 ferarum.

715 2600 876 2671 Fiet
913 2600 1109 2670 enim
1151 2600 1388 2673 subito
1428 2625 1545 2673 sus
1582 2600 1907 2672 horridus
1931 2655 1951 2689 ,
1996 2620 2282 2693 atraque
2317 2601 2508 2698 tigris
2530 2646 2553 2688 ,

718 2715 1305 2809 squamosusque
1340 2716 1549 2787 draco
1575 2770 1596 2805 ,
1640 2734 1711 2786 et
1744 2715 1941 2787 fulva
1977 2717 2238 2788 cervice
2278 2718 2557 2786 leaena:

719 2820 869 2902 Aut
902 2855 1130 2901 acrem
1180 2830 1530 2903 flammae·
1554 2828 1878 2903 sonitum
1914 2831 2149 2921 dabit,
2194 2849 2407 2933 atque
2443 2831 2540 2901 ita
2577 2830 2831 2905 vinclis

717 2945 1052 3035 Excidet,
1094 2926 1219 3019 aut
1255 2948 1332 3017 in
1371 2965 1589 3041 aquas
1620 2948 1854 3019 tenuis
1888 2947 2205 3020 dilabsus
2243 2945 2489 3017 abibit.

724 3057 868 3132 Sed
908 3083 1180 3156 quanto
1221 3064 1344 3134 ille
1383 3065 1609 3163 magis
1655 3062 1921 3135 formas
1963 3088 2034 3136 se
2080 3081 2300 3135 vertet
2340 3063 2416 3131 in
2458 3063 2743 3153 omnis,-

722 3159 965 3248 Tanto
999 3231 1020 3266 ,
1062 3199 1268 3267 nate,
1308 3180 1537 3276 magis
1577 3179 1932 3250 contende
1971 3179 2240 3250 tenacia
2278 3178 2511 3247 vincla
2542 3204 2566 3245 r

721 3291 980 3363 Donec
1011 3293 1172 3364 talis
1208 3293 1335 3364 erit
1374 3312 1651 3365 mutato
1696 3319 1994 3388 corpore
2024 3349 2046 3385 ,
2087 3295 2379 3388 qualem

725 3404 1012 3478 Videris
1040 3460 1060 3494 ,
1099 3408 1389 3502 incepto
1425 3427 1683 3507 tegeret
1719 3433 1951 3501 quom
1988 3410 2262 3480 lumina
2298 3426 2582 3481 somno.

841 3521 1036 3590 Haec
1075 3523 1211 3610 ait,
1252 3541 1323 3593 et
1359 3524 1725 3617 liquidum
1764 3520 2160 3597 ambrosiae
2199 3523 2542 3596 diffundit
2576 3518 2919 3595 odorem}

728 3628 904 3741 Quo
944 3654 1184 3707 totum
1223 3640 1416 3736 gnati
1456 3662 1716 3732 corpus
1754 3639 2088 3732 perduxit
2127 3667 2144 3709 z
2202 3661 2275 3712 at
2314 3641 2423 3710 illi

728 3750 980 3823 Dulcis
1019 3754 1417 3848 conpositis
1457 3753 1745 3849 spiravit
1782 3753 2093 3826 crinibus
2131 3780 2340 3845 aura,

731 3865 851 3938 Au
883 3894 967 3938 ue
1007 3870 1263 3942 habilis
1303 3874 1643 3942 membris
1683 3870 1880 3938 venit
1916 3874 2132 3942 vim.
2220 3894 2324 3942 est
2416 3894 2614 3942 *ecus
2652 3872 2900 3954 inens
