3750 6217
518 703 1337 806 Aruernosrx.v.193.

336 879 445 952 Posse
460 879 557 950 viam
575 880 621 952 a'd
642 905 766 952 muros
785 898 820 951 et
838 881 985 954 moenia
1001 879 1191 951 Pallantea.
1240 901 1243 913 ¹

333 995 536 1089 Obstupuit
555 1020 689 1093 magno
711 996 863 1066 laudum
880 1020 1066 1091 percussus
1086 1019 1209 1065 amore

334 1109 529 1203 Euryalus;
557 1111 667 1182 simul
686 1111 741 1182 his
761 1111 945 1182 ardentem
963 1110 1101 1182 adfatur
1121 1110 1303 1181 amicumr

333 1225 442 1296 Mene
460 1227 566 1323 igitur
584 1227 724 1298 socium
746 1227 898 1298 summis
918 1227 1107 1324 adjungere
1127 1224 1255 1310 rebus,
1293 1266 1296 1272 ·

333 1338 443 1429 Nise,
468 1340 559 1438 fugis
584 1343 600 1412 ?
631 1343 750 1412 solum
768 1361 803 1412 te
823 1343 862 1411 in
878 1360 975 1412 tanta
994 1342 1150 1437 pericula
1169 1337 1343 1423 mitram?

333 1455 421 1526 Non
440 1456 487 1526 ita
506 1480 566 1526 me
586 1458 725 1555 genitor
744 1456 849 1528 bellis
868 1456 1034 1528 adsuetus
1053 1457 1233 1550 Opheltes

333 1570 544 1667 Argolicum
564 1589 732 1643 terrorem
752 1573 842 1644 inter
861 1571 1064 1666 Troiaeque
1084 1571 1225 1644 labores

335 1683 526 1758 Sublatum
547 1686 676 1758 erudiit
694 1714 702 1755 z
732 1710 799 1758 nec
818 1704 939 1758 tecum
954 1687 1037 1759 talia
1055 1687 1168 1784 gessi,

333 1798 610 1900 Magnanimum
626 1801 772 1873 Aenean
790 1820 826 1874 et
842 1801 914 1874 fata
933 1821 1089 1874 extrema
1108 1817 1262 1874 secutus·

332 1911 395 1988 Est
415 1911 494 2006 hic,
519 1936 573 1990 est
593 1918 735 1989 animus
753 1917 842 1989 lucis
859 1935 1085 2006 contemtor,
1111 1936 1146 1990 et
1166 1918 1275 1989 istum

335 2027 412 2136 Qui
430 2033 501 2102 vita
520 2031 613 2104 bene
631 2032 750 2103 credat
767 2032 863 2121 emi,
887 2057 962 2126 quo
979 2033 1118 2122 tendis,
1137 2033 1331 2104 honorem'

333 2145 444 2219 Nisus
464 2147 509 2218 ad
530 2149 643 2220 haece
673 2147 855 2241 Equidem
875 2147 920 2218 de
938 2167 973 2219 te
993 2149 1046 2218 nil
1065 2150 1135 2219 tale
1152 2146 1316 2218 verebarr

335 2259 411 2334 Nec
431 2259 483 2334 fas
507 2292 514 2332 :
544 2287 632 2335 non.
674 2265 723 2335 ita
743 2288 802 2334 me
822 2261 945 2334 referat
962 2262 1028 2334 tibi
1047 2287 1199 2361 magnus
1218 2278 1388 2334 ovantem

329 2373 518 2473 Juppiter,
540 2397 601 2450 aut
620 2380 841 2472 quicumque
860 2379 975 2450 oculis
992 2379 1077 2449 haec
1096 2377 1248 2472 adspicit
1264 2377 1401 2471 aequis.

332 2491 402 2565 Sed
424 2489 553 2585 siquis
575 2495 691 2589 (quae
709 2494 826 2565 multa
847 2491 948 2564 vides
967 2491 1172 2564 discrimine
1190 2493 1277 2587 tali)

331 2606 367 2678 Si
386 2609 468 2701 quis
486 2610 523 2679 in
539 2609 726 2682 adversum
745 2590 877 2702 ¹rapiat,
903 2624 1064 2696 casusve,
1085 2607 1238 2698 deusve,

333 2723 388 2795 Te
409 2744 589 2819 superesse
605 2727 717 2796 velim
741 2749 749 2790 ε
779 2740 839 2794 tua
855 2723 928 2795 vita
946 2722 1088 2821 dignior
1105 2742 1209 2795 aetas.

332 2837 406 2928 Sit,
429 2840 493 2932 qui
512 2865 571 2909 me
586 2859 735 2933 raptum
755 2863 903 2936 pugna,
922 2837 1083 2933 pretiove
1105 2838 1309 2910 redemtum

335 2953 485 3024 Mandet
503 2955 618 3025 humo
639 2952 768 3025 solita:
797 2973 878 3042 aut,
899 2954 928 3025 si
948 2951 1074 3046 quaid
1093 2951 1237 3025 fortuna
1255 2952 1411 3047 vetabit,

332 3068 482 3141 Absenti
503 3058 588 3140 serat
607 3066 769 3157 inferias,
790 3068 1005 3161 decoretque
1025 3069 1188 3163 sepulcro
1204 3096 1212 3137 r

335 3183 416 3255 Neu
436 3185 540 3256 matri
561 3186 707 3257 miserae
727 3185 817 3256 tanti
835 3184 905 3256 sim
923 3207 1042 3256 caussa
1062 3183 1222 3258 doloris:
1338 3216 1341 3221 >
1438 3216 1443 3226 ·

334 3297 437 3404 Quae
456 3318 491 3370 te
511 3300 610 3390 sola,
635 3325 748 3395 puer,
768 3300 894 3370 multis
914 3324 933 3370 e
953 3298 1125 3371 matribus
1143 3325 1251 3390 ausa,

334 3413 581 3509 Persequitur,
605 3416 727 3514 magni
749 3435 815 3486 nec
833 3401 980 3486 moenia
1000 3433 1096 3487 curat
1114 3412 1268 3487 Acestae,

333 3529 400 3600 Ille
417 3548 537 3602 autern
562 3559 570 3600 r
601 3528 751 3603 Caussas
770 3530 1019 3624 nequidquam
1039 3531 1151 3603 nectis
1169 3522 1308 3624 inanis,

332 3643 407 3717 Nec
424 3670 506 3717 mea
520 3647 599 3744 jam
618 3662 756 3720 mutata
773 3648 858 3718 loco
878 3647 1047 3718 sententia
1064 3646 1167 3719 cedit.

330 3757 605 3853 Adceleremus,
630 3763 687 3834 ait.
714 3760 851 3861 -vigiles
871 3762 980 3833 simul
1000 3763 1137 3832 excitat·
1177 3761 1231 3832 illi

331 3873 558 3966 Succedunt,
583 3897 790 3971 servantque
808 3878 904 3951 vices
925 3905 933 3947 r
963 3877 1115 3949 statione
1133 3876 1251 3947 relicta

333 3989 416 4084 lpse
436 4013 560 4063 comes
580 3989 669 4063 Niso
688 3993 864 4090 graditur,
888 4014 1080 4092 regemque
1097 3992 1290 4085 requirunt

390 4102 516 4176 Cetera
534 4124 599 4200 per
613 4124 717 4177 terras
737 4108 860 4180 omnis
878 4108 1045 4178 animalia
1066 4131 1198 4179 somno

331 4217 516 4292 Laxabant
532 4242 651 4309 curas,
674 4236 710 4291 et
726 4222 833 4294 corda
854 4215 967 4294 oblita
985 4220 1174 4301 labomm;

331 4332 506 4408 Ductores
526 4334 707 4408 Teucriam
727 4337 856 4431 primi,
876 4337 1013 4411 delecta
1027 4341 1220 4435 juventus,

331 4447 537 4523 Consilium
558 4452 713 4524 summis
730 4454 827 4551 regni
845 4452 892 4525 de
908 4452 1012 4526 rebus
1031 4448 1228 4543 habebant,

329 4561 435 4670 Quid
454 4562 627 4660 facerent,
651 4568 777 4670 quiere
794 4567 935 4641 Aeneae
947 4571 1025 4668 jam
1045 4569 1192 4642 nuntius
1213 4584 1324 4641 esset:

1156 4677 1275 4755 Rra

1456 729 1540 804 '3¹5
