3750 6217
349 713 430 808 355
545 689 997 789 AENEIDOS
1053 715 1101 789 X.
1161 740 1195 790 v.
1248 735 1341 804 γαπ.

344 879 568 973 Purpureum
588 879 718 971 pennis
738 897 772 947 et
790 897 913 972 pactae
934 880 1097 976 conjugis
1116 897 1241 951 ostro:

345 994 516 1087 Inpastus
539 993 678 1065 stabula
695 997 764 1063 alta
785 996 843 1063 leo
865 1019 930 1063 ceu
951 1020 1054 1087 saepe
1074 1018 1288 1091 peragrans3

343 1106 474 1177 Suadet
493 1109 592 1187 enim
612 1134 741 1180 vesana
760 1108 873 1180 fames
889 1138 897 1187 ;
923 1107 1061 1190 silone
1081 1108 1247 1206 fugacem

344 1223 545 1317 Conspexit
563 1249 751 1317 capream,
773 1240 836 1292 aut
855 1242 1058 1318 surgentem
1081 1224 1118 1293 in
1136 1247 1269 1295 cornua
1289 1247 1437 1304 cervom
1454 1254 1465 1305 ;

343 1338 487 1409 Gaudet
504 1340 606 1420 hians
628 1340 798 1438 inmane,
821 1361 1019 1428 comasque
1037 1337 1191 1425 adrexit,
1216 1356 1252 1407 et
1272 1339 1392 1410 haeret

341 1451 549 1523 Visceribus
568 1476 673 1546 super
690 1451 905 1533 incumbens
924 1478 931 1542 ².
962 1453 1049 1524 lavit
1069 1451 1224 1545 inproba
1242 1469 1330 1524 teter

343 1569 416 1637 Ora
439 1593 540 1639 cruor
555 1595 575 1635 :.

342 1681 400 1753 Sic
420 1683 489 1752 ruit
508 1683 545 1751 in
563 1682 695 1754 densos
715 1684 826 1752 alacer
844 1680 1045 1756 Mezentius
1064 1681 1188 1766 hostis,

341 1795 513 1873 Sternitur
532 1796 657 1866 infelix
676 1797 817 1884 Acron,
840 1814 875 1872 et
895 1798 1049 1869 calcibus
1069 1815 1182 1875 atram

341 1911 483 1982 Tundit
500 1914 657 1982 humum
673 1912 875 2006 exspirans,
896 1909 1113 2005 infractaque
1133 1912 1203 1989 tela
1222 1931 1396 1989 ementat.

341 2027 460 2120 Atque
481 2027 580 2105 idem
600 2025 798 2125 fugientem
819 2024 991 2102 haud·est
1012 2026 1178 2123 dignatus
1193 2027 1348 2107 Oroden

341 2140 519 2229 Sternere,
543 2166 610 2211 nec
625 2144 717 2238 jacta
738 2164 883 2210 caecum
904 2140 990 2219 dare
1006 2139 1156 2234 cuspide
1175 2142 1332 2212 volnus:

340 2256 485 2328 Obvius
509 2256 732 2347 adversoque
753 2254 925 2342 occurrit,
947 2280 1056 2347 seque
1076 2259 1152 2326 viro
1173 2256 1226 2328 vir

342 2369 535 2460 Contulit,
558 2370 654 2450 haud
674 2368 770 2449 furto
789 2367 938 2458 melior,
963 2369 1025 2446 sed
1042 2368 1197 2442 fortibus
1216 2371 1332 2450 armis.

342 2484 443 2555 Tum
463 2510 569 2578 supet
588 2484 768 2582 abjectum
788 2484 910 2577 posito
930 2485 1024 2579 pede
1045 2486 1150 2564 uuus
1172 2500 1207 2554 et
1226 2485 1351 2572 hasta:⁸

252 2601 255 2608 ’
341 2600 424 2671 Pars
440 2599 526 2668 belli
545 2599 642 2682 haud
662 2597 880 2685 temnenda,
900 2599 965 2668 riri
979 2653 989 2687 ,
1004 2602 1097 2696 jacet
1117 2600 1208 2675 altus
1228 2599 1383 2683 Orodes.

339 2714 584 2784 Conclamant
602 2713 690 2784 socii
712 2714 845 2783 laetum
864 2712 1002 2789 Paeana
1022 2716 1158 2795 secuti:

340 2828 410 2899 Ille
431 2847 550 2899 autem
574 2828 779 2921 exspirans:
808 2826 895 2897 Non
915 2853 999 2917 me,
1024 2830 1248 2923 quicumque
1268 2853 1331 2920 es,
1354 2830 1513 2923 inulto,

339 2942 487 3031 Victor,
510 2968 577 3013 nec
597 2945 750 3039 longum
773 2942 945 3021 laetabere
966 2972 974 3012 ι
1004 2963 1042 3014 te
1058 2969 1208 3037 quoque
1227 2943 1297 3015 fata

340 3059 574 3152 Prospectant
593 3057 712 3150 paria,
733 3078 842 3148 atque
862 3057 989 3127 eadem
1009 3084 1103 3146 mox
1120 3083 1201 3143 awa
1220 3058 1369 3132 tenebis.

338 3170 399 3242 Ad
419 3198 530 3265 quem
552 3171 739 3244 subridens
757 3173 868 3250 mixta
889 3172 1086 3247 Mezentius
1107 3175 1155 3243 ira
1172 3204 1185 3254 ;,

339 3286 447 3355 Nunc
463 3311 611 3379 morere.
644 3302 697 3355 ast
716 3284 761 3355 de
783 3311 842 3354 me
864 3286 987 3356 divbrn
1009 3312 1108 3382 pater
1126 3304 1233 3380 atque
1250 3288 1454 3376 hominum
1476 3318 1541 3364 rex

339 3398 493 3470 Viderit.
534 3401 604 3488 huc
623 3400 745 3473 dicens
764 3401 889 3470 eduxit
906 3427 1057 3496 corpote
1074 3405 1198 3483 telum.

339 3517 417 3585 Olli
438 3516 525 3583 dura
545 3515 646 3606 quies
665 3517 791 3585 oculos
810 3534 844 3584 et
865 3514 994 3590 ferreus
1016 3537 1114 3614 urget

339 3629 499 3715 Somnus
516 3661 524 3708 3
551 3631 589 3698 in
609 3648 785 3705 aeternam
805 3630 1020 3702 clauduntur
1039 3634 1177 3703 lumina
1196 3652 1354 3704 noctem.

341 3745 517 3817 Caedicus
535 3744 753 3845 Auathoum
774 3744 982 3835 obtruncat,
1004 3746 1161 3817 Sacrator
1178 3749 1378 3842 Hydaspen
1396 3776 1402 3815 :

340 3860 646 3953 Partheniumque
666 3861 794 3954 Rapo,
820 3876 853 3930 et
870 3863 1088 3954 praedurum
1108 3864 1242 3950 viribus
1262 3863 1402 3934 Orsen:

339 3973 526 4069 Messapus
545 3975 795 4066 Cloniumque
818 3976 1117 4069 Lycaoniumque
1138 3978 1327 4071 Ericeten;

340 4088 454 4161 lllum
477 4089 626 4158 infrenis
647 4092 732 4181 equi
753 4091 855 4163 labsu
876 4093 1000 4174 tellure
1017 4094 1215 4188 jacentem,

340 4202 448 4273 Hunc
469 4203 629 4295 peditem
647 4205 766 4297 pedes.
807 4225 841 4274 et
860 4204 991 4297 Lycius
1012 4226 1226 4299 processerat
1242 4206 1353 4302 Agis:

341 4317 464 4420 Quem
485 4335 604 4385 tamen
626 4319 720 4387 hand
740 4344 865 4412 expers
886 4320 919 4389 V
924 4323 1038 4396 alesus
1059 4323 1197 4391 virtutis
1220 4323 1333 4390 avitae

336 4432 471 4527 Dejicit
495 4465 507 4526 ¹,
532 4451 568 4507 at
589 4432 793 4502 Thronium
820 4433 956 4521 Salius,
980 4434 1192 4529 Saliumque
1214 4437 1390 4528 NealceS,

338 4548 492 4642 insignis
508 4549 631 4642 jaculo
658 4564 692 4617 et
714 4551 821 4644 longe
843 4548 988 4632 fallente
1011 4553 1144 4647 sagitta.
