3750 6217
392 752 840 827 AENEIDOS
898 755 979 831 XI.
1038 779 1070 825 v.
1118 756 1264 829 886„
1331 756 1409 850 389

202 916 474 1014 Defendentuna
492 920 601 993 armis
618 921 757 1008 aditus,
782 920 894 1013 inque
914 945 1010 988 amia
1030 935 1208 1007 ruentum.

202 1034 346 1119 Exclusi
365 1053 447 1106 auto
466 1036 593 1108 oculos
614 1018 936 1129 ¹lacrimantumque
956 1059 1015 1105 ora
1035 1050 1227 1128 parentum

202 1149 284 1221 Pars
304 1151 342 1221 in
362 1152 571 1246 praecipites
591 1152 723 1240 fossas,
744 1167 889 1250 urgente
908 1151 1027 1240 ruina,
1103 1160 1106 1165 ’

201 1264 372 1338 Volvitur
395 1295 402 1334 :
433 1268 589 1353 inmissis
609 1282 812 1363 parscaeca
831 1286 867 1339 et
886 1266 1027 1363 concita
1046 1263 1154 1357 frenis

201 1381 333 1455 Arietat
354 1383 391 1452 in
413 1402 552 1477 portas,
574 1403 609 1456 et
629 1385 737 1455 duros
759 1384 875 1481 objice
894 1383 1019 1477 postis.

201 1496 307 1591 lpsae
326 1498 370 1568 de
386 1501 497 1571 mutis
516 1525 662 1585 summo
684 1500 876 1575 certamine
895 1517 1041 1589 matres,

200 1612 376 1686 Monstrat
395 1640 497 1685 amor
515 1641 618 1690 verus
636 1617 789 1710 patriae,
815 1614 879 1713 [ut
898 1617 1004 1691 videre
1027 1612 1248 1713 Camillum]

201 1728 291 1823 Tela
312 1756 422 1801 manu
443 1733 601 1826 trepidae
616 1733 755 1829 jaciunt
773 1762 781 1812 t
806 1757 845 1802 ac
864 1730 994 1803 robore
1014 1730 1109 1807 duro

201 1842 390 1939 Stipitibus
411 1844 539 1941 ferrum
560 1847 781 1940 sudibusque
800 1847 984 1918 imitantur
1001 1846 1140 1920 obustis

203 1960 435 2055 Praecipites,
462 1965 673 2056 primaeque
693 1964 787 2034 mori
807 1988 873 2056 pro
893 1961 1087 2035 moenibus
1105 1961 1241 2055 ardent,

260 2078 395 2166 Interea
414 2078 580 2165 Turnum
603 2079 640 2147 in
661 2080 759 2150 silvis
780 2079 1002 2150 saevissimus
1020 2078 1136 2173 inplet

202 2192 381 2281 Nuntius,
403 2214 438 2264 et
452 2196 576 2291 juveni
598 2194 781 2291 ingentem
800 2193 864 2267 fert
881 2192 973 2264 Acca
992 2196 1212 2289 tumultumt

201 2306 344 2381 Deletas
364 2308 583 2398 Volscorum
602 2310 717 2400 acies,
742 2311 908 2383 cecidisse
929 2307 1148 2389 Camillam:

201 2422 366 2521 Ingruere
386 2424 545 2496 infensos
562 2426 695 2513 hostis,
722 2443 757 2495 et
773 2425 885 2495 Marte
904 2425 1065 2497 secundo

201 2539 339 2609 Omnia
358 2540 578 2634 couripuisse
604 2567 612 2607 ε
641 2557 782 2613 metum
797 2539 936 2637 jamad
955 2540 1099 2625 moenia
1115 2539 1208 2633 ferri,

201 2655 270 2725 Ille
287 2652 427 2745 furens,
447 2675 482 2727 et
501 2681 601 2744 saeva
617 2654 720 2745 jovis
738 2656 795 2743 sic.
807 2656 959 2726 numina
977 2675 1154 2753 poscunt,

201 2769 340 2842 Deserit
360 2773 524 2855 obsessos
542 2773 670 2860 collis,
693 2762 844 2843 nemora
862 2794 983 2865 aspera
1002 2771 1145 2866 linquit.

200 2884 276 2958 Vix
295 2913 314 2957 e
334 2907 532 2980 conspectu
551 2888 701 2975 exierat,
722 2911 967 2981 campumque
989 2886 1152 2976 tenebat,

201 3000 330 3106 Quom
350 3021 449 3095 pater
469 3001 628 3090 Aeneas,
648 3002 756 3091 saltus
779 3002 953 3098 ingressus
973 3020 1140 3097 apertos,

200 3115 473 3211 Exsuperatque
478 3119 633 3213 jugum,
655 3118 815 3210 silvaque
832 3118 950 3187 evadit
969 3140 1089 3210 opaca,

199 3230 257 3303 Sic
277 3231 385 3302 ambo
407 3233 453 3302 ad
473 3256 597 3303 muros
616 3231 728 3325 rapidi
749 3251 902 3325 tutoque
922 3230 1082 3305 feruntur

200 3348 379 3445 Agmine;
406 3371 471 3418 nec
491 3349 610 3445 longis
632 3347 722 3423 intet
745 3372 781 3421 se
801 3347 968 3442 passibus
992 3347 1148 3425 absuntt

199 3461 248 3535 At
266 3463 373 3534 simul
389 3460 527 3534 Aeneas
549 3462 719 3553 fumantis
736 3465 881 3557 pulvere
901 3487 1051 3558 campos

200 3578 389 3672 Prospexit
409 3580 541 3676 longe,
564 3577 824 3671 Laurentiaque
842 3577 1114 3677 agmina'vidit·;
1141 3672 1146 3681 ¹

199 3694 246 3764 Et
264 3719 410 3783 saevom
430 3692 575 3765 Aenean
595 3693 767 3789 adgnovit
784 3692 934 3774 Turnus
950 3693 1130 3785 inarmis,
1232 3774 1235 3779 ,

201 3807 481 3901 Adveqturnque
501 3809 643 3903 pedum
659 3806 836 3902 flatusque
856 3810 991 3881 audivit
1010 3814 1209 3902 equorum..
1263 3850 1266 3855 -

154 3982 156 3986 .
201 3923 465 4015 Continuoque
485 3927 607 4001 ineant
627 3949 789 4021 pugnas,
817 3943 852 3995 et
868 3923 1007 4017 proelia
1022 3922 1198 4023 tentent,¹

201 4038 250 4110 Ni
269 4064 392 4128 roseus
416 4038 526 4111 fessos
542 4041 619 4135 jam
638 4039 773 4137 gurgite
794 4038 963 4125 Phoebus
982 4037 1090 4141 ibero

201 4154 360 4253 ‘linguat
382 4178 518 4247 equos,
541 4173 765 4249 noctemque
781 4154 840 4227 die
864 4155 1006 4226 labente
1026 4153 1177 4233 reducat.

201 4269 410 4351 Considunt
435 4268 553 4355 tastris
577 4287 658 4341 ante
679 4268 832 4365 urbem,
855 4290 891 4343 et
909 4268 1056 4354 moenia
1075 4271 1218 4347 vallant
1273 4346 1277 4355 ,
