3750 6217
376 713 452 824 ,rr
558 706 1002 804 Aruernos
1057 716 1136 799 xr.
1192 753 1227 799 v
1276 718 1369 813 nr.-

373 897 497 1000 Quam
518 890 619 965 facile
638 895 802 989 accipiter
820 920 904 966 saxo
927 919 1019 965 sacer
1037 895 1109 966 ales
1128 894 1173 965 ab
1192 896 1265 970 alto

375 1010 618 1103 Consequitur
635 1010 763 1102 pennis
785 993 1007 1081 sublimem
999 1013 1037 1079 rn
1058 1010 1154 1080 nube
1171 1008 1403 1096 columbam,

376 1123 698 1220 Conprensamque
717 1143 814 1195 tenet
826 1107 1091 1225 ,pellibusque
1108 1126 1273 1196 eviscerat
1292 1120 1413 1201 uncis;

375 1238 476 1313 Tum
493 1265 614 1327 cruor,
640 1257 674 1310 et
690 1241 811 1312 volsae
831 1238 999 1312 labirntur
1016 1239 1061 1309 ab
1081 1237 1216 1311 aethere
1232 1241 1388 1345 plumae

433 1339 482 1426 At
500 1358 577 1426 no'n
597 1338 682 1426 haec
700 1328 810 1428 mrlll’s
829 1336 1021 1424 nominum
1042 1374 1134 1426 sator
1150 1360 1257 1449 atqlre
1277 1330 1429 1424 rleoruni

375 1452 579 1542 Observans
599 1470 713 1562 o'culis
732 1496 877 1541 summo
901 1468 999 1541 sedet
1017 1472 1107 1541 altu's
1127 1465 1305 1565 Olympos

376 1580 604 1681 Tyrrhenum
622 1586 760 1684 genitor
780 1581 982 1656 Tarconenr
1003 1582 1040 1681 in
1060 1585 1194 1678 proelia
1216 1596 1316 1656 saeva

376 1699 548 1804 ¹Suscital,
573 1711 607 1771 et
626 1701 781 1772 stimulis
800 1699 896 1770 haud
917 1700 1091 1772 mollibus
1112 1699 1223 1798 injicit
1245 1702 1317 1771 iras

378 1816 471 1913 Ergo
489 1816 581 1886 int'e'r
597 1817 743 1904 eredes,
769 1809 1003 1907 cedentiaque
1021 1806 1162 1912 agmlna
1182 1815 1296 1885 Tarcd

377 1916 499 2025 Fertur
518 1950 636 2061 equo,
659 1925 835 2024 variisque
855 1923 995 2028 instigat
1013 1925 1163 2026 vocibus
1183 1933 1273 2018 alas,
1294 2013 1312 2026 ..
1412 2014 1417 2030 ¹

379 2041 588 2116 Nomine
555 2056 739 2140 quemque
757 2068 916 2116 vocans:
939 2044 1154 2143 reficitque
1145 2070 1183 2116 m
1203 2046 1338 2140 pr'o'elia
1356 2039 1495 2144 pulsos]

379 2160 500 2273 Quis
494 2163 634 2264 metus,
659 2172 681 2232 'o
702 2167 904 2275 numquam
924 2157 1088 2248 dolituri,
1114 2185 1137 2231 o
1158 2185 1297 2272 semper
1315 2161 1444 2234 inertes

378 2254 575 2373 Tyrrheni,
594 2290 690 2370 qnae
708 2292 802 2365 tanta
821 2273 976 2345 anlmis
968 2275 1103 2371 ignavia
1126 2276 1256 2345 v'enit?

378 2378 527 2461 Femina
544 2393 722 2485 palantis
713 2409 805 2486 agrt,
830 2406 936 2481 atque
957 2388 1043 2486 haec
1061 2392 1201 2488 agmina
1222 2393 1356 2462 vertit?

380 2503 468 2609 Quo
488 2506 639 2602 lenum,
664 2502 797 2597 quidve
815 2502 901 2575 hacc
921 2504 1076 2624 gerimus
1093 2507 1190 2575 tela
1182 2506 1280 2576 rnrita
1303 2477 1466 2578 dextris³

378 2620 427 2690 At
446 2629 523 2690 non
544 2617 581 2689 in
599 2618 777 2690 Vene're'rn
797 2644 938 2721 segnes,
964 2616 1210 2727 nocturnaque
1231 2619 1345 2701 bella:

378 2735 474 2836 Aut,
494 2735 558 2806 ubi
578 2757 680 2805 curva
699 2735 826 2805 ‘choros
845 2730 973 2804 indixit
989 2733 1075 2804 tibia
1096 2722 1241 2826 Bacuri,

378 2849 589 2946 Exspectare
607 2833 738 2944 clapes,
759 2868 794 2920 et
810 2850 939 2942 plenae
958 2850 1091 2943 pocula
1109 2851 1274 2931 mensae,

378 2954 478 3060 Hice
499 2975 619 3054 arnor,
639 2966 709 3035 hoc
729 2963 908 3044 studium
931 2954 1020 3034 dum
1041 2976 1134 3035 sacta
1152 2960 1329 3040 secundus
1343 2958 1524 3064 haruspex

380 3056 547 3169 Nuntiet,
566 3098 606 3153 ac
624 3082 747 3152 lucos
741 3100 845 3151 socer
863 3072 1007 3151 hostia
998 3080 1143 3179 pinguis
1164 3081 1202 3151 irr
1219 3084 1320 3154 altos.

379 3178 478 3265 Haec
495 3194 635 3283 effatus,
649 3210 793 3300 equom
814 3194 852 3264 in
870 3194 1029 3281 medios,
1053 3193 1246 3268 ¹moriturus
1264 3201 1299 3291 et
1318 3198 1416 3291 ipse,

367 3306 570 3396 ''Concitat,
593 3329 627 3379 et
645 3300 791 3379 Venulo
814 3310 1000 3380 adversum
1022 3331 1059 3381 se
1076 3311 1239 3383 turbidus
1260 3312 1384 3401 infert,

382 3423 655 3519 Dereptumque
675 3421 719 3492 ab
739 3450 834 3517 equo
856 3426 976 3495 dextra
996 3424 1233 3520 conplectitur
1251 3428 1416 3517 hostem,

381 3539 426 3609 Et
446 3540 623 3636 gremium
644 3554 724 3609 unte
744 3551 849 3609 suum
870 3541 984 3609 multa
1003 3541 1039 3608 vi
1060 3544 1221 3613 concitus
1240 3541 1361 3615 aufert.

380 3652 539 3725 Tollitur
556 3635 594 3725 in
613 3656 757 3726 coelum
778 3656 940 3723 clamor:
971 3657 1164 3749 cunctique
1186 3657 1302 3753 Latini

381 3770 594 3841 Convertere
615 3772 750 3842 oculos.
786 3768 884 3841 volat
905 3769 1028 3868 igneus
1047 3784 1201 3864 aequore
1221 3773 1355 3859 Tarm,¹

381 3885 487 3955 llrma
504 3887 694 3979 virumque
714 3884 827 3955 ferens
851 3914 857 3952 :
888 3897 967 3956 tum
988 3898 1130 3955 summa
1153 3889 1265 3980 ipsius
1284 3889 1329 3959 ab
1349 3890 1447 3973 hasti

381 3999 556 4099 Defringit
574 4000 727 4100 ferrumr
750 4019 784 4070 et
803 4001 909 4093 partis
930 4003 1074 4070 rimatur
1093 4019 1250 4096 apertas,

381 4112 465 4216 Qua
485 4099 618 4185 volnus
636 4118 738 4185 letale
756 4112 842 4185 ferat
868 4144 874 4182 :
905 4120 1027 4185 contra
1045 4115 1105 4185 ille
1125 4123 1325 4216 repugnans

380 4227 536 4300 Sustinet
558 4256 575 4299 a
591 4231 722 4325 jugulo
744 4230 925 4317 dextram,
950 4243 984 4300 et
1003 4231 1078 4300 viin
1097 4234 1229 4305 viribus
1247 4236 1328 4305 excita

380 4343 499 4439 thue
517 4333 642 4415 volans
662 4347 731 4416 alte
748 4362 888 4437 raptum
908 4371 1023 4437 quom
1043 4345 1138 4417 fultra
1159 4349 1348 4421 draconem

379 4461 457 4533 Fert
477 4462 613 4555 aquila,
636 4461 872 4555 inplicuitque
888 4460 1018 4554 pedes,
1040 4482 1146 4556 atquc
1165 4465 1344 4561 unguibus
1361 4468 1498 4542 haesit:

378 4576 522 4650 Saucius
540 4596 576 4651 at
593 4601 734 4673 serpens
752 4577 897 4648 sinuosa
917 4579 1105 4649 volumina
1124 4596 1252 4671 versat,
