3750 6217
813 724 1105 800 NOTAE
1481 741 1564 821 4η

346 876 519 965 lectione?
547 889 648 963 Prius
667 915 729 963 ora
749 889 833 962 fove
857 892 987 963 haustu
1006 914 1180 984 aquarum
1200 916 1210 957 τ
1238 891 1275 961 id
1296 907 1363 979 est,
1390 866 1509 987 aquam
1531 895 1564 961 in

346 1033 512 1096 assume,
540 1033 573 1077 os
590 1009 712 1105 prolue.
754 1007 832 1121 Qua
854 1009 965 1098 gratio
993 1011 1015 1075 ἓ
1045 1025 1080 1075 ut
1092 1003 1251 1100 foetorem
1283 1006 1437 1075 emendes.
1487 1006 1566 1077 Hoc

343 1149 385 1194 on
418 1123 532 1193 nauseo
563 1148 662 1216 aquae
679 1125 765 1216 fieri
782 1122 885 1218 possit
910 1123 1023 1190 nescio.
1067 1121 1176 1217 Supra
1201 1120 1348 1189 Medicoe
1380 1121 1460 1188 mali
1476 1120 1564 1211 flore

345 1236 481 1308 olentia
496 1235 598 1306 Medi
618 1260 679 1306 ora
698 1234 832 1304 fovent.
881 1236 966 1304 Tum
974 1230 1131 1330 foetorem
1150 1236 1239 1303 illum
1257 1235 1390 1303 nimium
1409 1255 1564 1328 quantum

344 1378 411 1422 esse
428 1371 603 1449 oporteret,
628 1352 681 1420 cui
699 1350 856 1420 obruendo
872 1352 951 1418 satis
966 1375 1027 1419 non
1049 1367 1151 1418 essent
1167 1350 1221 1443 qui
1232 1349 1404 1446 praetendi
1410 1351 1567 1447 jubentur

305 1520 314 1533 ,
335 1463 437 1563 fumi.
455 1466 541 1555 Sed,
552 1467 637 1562 quod
644 1467 850 1563 praecipuum
863 1482 924 1551 est,
941 1464 1018 1558 quid
1030 1463 1092 1532 sibi
1104 1464 1171 1533 uult
1172 1464 1377 1561 participium
1393 1465 1563 1556 sparsus?

347 1581 418 1696 Qui
438 1584 585 1650 haustum
607 1606 706 1675 aquae
729 1582 761 1649 in
788 1603 821 1647 os
842 1581 963 1665 carnit,
986 1579 1013 1646 is
1037 1580 1141 1672 utique
1165 1603 1198 1646 co
1218 1578 1332 1647 liaustu
1353 1604 1414 1648 non
1434 1605 1563 1676 sparsus

341 1714 397 1765 est.
448 1695 580 1765 Paitica
608 1697 696 1792 copia
722 1694 865 1763 addition
891 1695 989 1762 ciunt.
1034 1692 1193 1787 Equidem
1219 1694 1338 1789 copiam
1364 1693 1396 1762 in
1428 1694 1561 1785 Virgilio

309 1807 311 1809 ¹
345 1811 506 1902 adgnosco
515 1842 528 1886 ,·
553 1811 612 1879 sed
627 1810 703 1878 tolcs
718 1808 879 1895 salebras,
901 1827 966 1877 tam
981 1832 1124 1905 asperam
1139 1808 1389 1903 compositionem
1404 1832 1560 1903 nusquam

344 1926 421 1996 uidi.
446 1924 566 1993 Nullus
578 1927 681 2018 itaque
693 1923 797 1992 dubito
815 1924 889 2018 quin
902 1925 1058 1991 sinceram
1078 1921 1203 2013 Virgilii
1209 1922 1371 1990 lectionem
1384 1926 1561 1992 servaverit

346 2038 435 2108 Med.
455 2040 570 2108 codicis
586 2038 754 2126 librarius,
778 2063 872 2131 quom
887 2057 1088 2134 praepostero
1100 2037 1228 2135 judicio
1248 2037 1468 2135 Apronianus,
1491 2037 1560 2108 sive

343 2155 414 2248 quis
431 2153 511 2223 alius
528 2155 633 2252 inepta
651 2155 838 2223 correctione
858 2149 1039 2247 infuscauit,

409 2317 499 2403 238.
518 2313 666 2383 Adfixae
679 2313 790 2382 venis.
814 2314 855 2379 ln
870 2313 998 2381 membr.
1016 2316 1130 2403 nostris
1146 2313 1261 2382 adfixa
1316 2315 1439 2401 venie,
1455 2341 1556 2397 uacuo

340 2431 389 2507 sic
409 2430 493 2496 inter
504 2428 584 2496 duas
596 2451 686 2498 uoces
699 2427 824 2522 spotioe
845 2425 910 2492 sive
918 2427 1070 2520 primitus
1088 2429 1239 2523 scriptum
1252 2426 1290 2494 in
1307 2451 1430 2495 erasum
1435 2425 1554 2521 suerit,

344 2544 436 2640 cujus
462 2561 564 2610 tamen
590 2542 636 2609 rei
659 2543 691 2609 in
718 2538 900 2608 membrano
927 2538 1049 2619 nullum
1072 2540 1224 2609 indicium
1248 2559 1318 2616 este
1339 2542 1404 2611 siue
1428 2542 1493 2612 aliu
1517 2570 1557 2614 ex

344 2681 467 2727 caussa.
516 2655 683 2769 Quidquid
696 2655 789 2753 liujus
811 2655 873 2740 sit,
887 2652 1059 2749 prolalilis
1079 2672 1125 2723 est
1144 2654 1199 2723 illa
1220 2655 1334 2744 l'cctio,
1355 2680 1450 2749 quam
1471 2684 1553 2728 com·

334 2771 446 2870 plures
467 2771 525 2840 alii
543 2789 671 2842 seruant
689 2770 832 2856 codices,
857 2788 887 2836 et
910 2785 975 2837 tuto
999 2768 1095 2865 recipi
1106 2787 1241 2866 poterat.

405 2976 496 3046 337·
522 2956 592 3070 Qui
600 2975 674 3054 post
691 2954 773 3024 ltunc
794 2954 911 3045 legitur
923 2953 1018 3044 vulgo
1037 2978 1169 3041 uersus,
1187 2955 1248 3022 luc
1269 2974 1421 3027 retractus
1430 2953 1501 3053 suit
1515 2985 1554 3030 ex

340 3058 420 3142 'Aen
446 3072 479 3141 V.
502 3071 556 3139 uli
569 3090 615 3139 est
638 3067 729 3141 826.
756 3068 843 3137 abest
864 3068 902 3136 ab
924 3068 1049 3165 optimis
1068 3068 1157 3138 codd.
1180 3094 1237 3140 nec
1259 3070 1327 3144 ulla
1346 3095 1459 3142 caussa
1482 3092 1550 3164 est,

341 3208 403 3257 cur
418 3186 581 3280 quisquam
602 3209 672 3253 eum
696 3181 745 3252 liic
763 3182 925 3260 desideret,

402 3368 421 3447 3
432 3367 492 3432 50.
512 3345 752 3440 Obstupuere.
777 3346 818 3415 ln
837 3346 983 3416 Medicco
1002 3348 1130 3442 aliisque
1148 3350 1278 3419 uetustis
1295 3350 1385 3420 codd.
1397 3354 1551 3450 scriptum

340 3485 464 3559 semper
478 3460 657 3555 obstipui;
674 3461 759 3557 quod
773 3460 936 3552 analogiae
952 3462 1039 3531 laud
1049 3483 1209 3560 repugnat.
1241 3464 1284 3534 Ut
1298 3467 1380 3534 enim
1393 3492 1412 3533 a
1426 3485 1548 3570 tucca,

341 3577 564 3664 conticesc0,
583 3574 787 3645 obticesc0:
808 3601 829 3643 a
844 3575 946 3672 leg0,
960 3575 1100 3673 deligo,
1119 3579 1274 3676 colligo:
1290 3582 1335 3648 sic
1354 3605 1374 3647 a
1394 3596 1548 3671 stupeo,

338 3688 553 3784 obstipesco.
594 3693 766 3787 Antiquam
780 3684 924 3784 somnam
950 3692 982 3759 in
1006 3692 1120 3761 Plauto
1143 3711 1174 3760 et
1198 3693 1343 3761 Terentio
1368 3712 1547 3779 seruatam,

338 3807 437 3874 miror
458 3807 629 3875 Heinsium
658 3806 841 3897 neglexisse.
885 3779 992 3874 Litds
1024 3805 1203 3873 auctoribus
1234 3804 1362 3893 Virgilio
1389 3804 1549 3874 reddendo

338 3935 414 4007 est,
440 3916 645 4021 quodfacere
668 3921 783 4007 velim,
805 3920 991 4014 quicumque
1008 3937 1083 4019 post
1104 3943 1155 3986 me
1176 3918 1306 3987 Paitom
1328 3916 1468 3989 editurus
1491 3938 1547 3990 est.

399 4125 490 4194 354.
513 4105 581 4174 Vox
598 4102 707 4174 Penei
725 4103 846 4172 amala
865 4128 963 4173 manu
982 4123 1048 4191 est,
1074 4123 1104 4173 et
1116 4129 1236 4201 purum
1246 4123 1363 4202 putum
1377 4106 1545 4198 glossema.

334 4208 538 4291 inoleverant
558 4220 690 4289 mendae
699 4218 859 4316 plurimae
873 4221 947 4317 jam
965 4239 1036 4288 onte
1057 4239 1251 4319 tempusque
1274 4222 1462 4321 descriptum
1475 4221 1548 4317 suit

332 4337 580 4406 uetustissimum
598 4336 682 4430 quod
696 4351 799 4402 exstat
819 4334 945 4425 Virgilii
963 4335 1142 4432 exemplar,
1167 4338 1199 4404 in
1224 4337 1398 4407 nominibus
1405 4339 1547 4435 propriis

331 4451 497 4520 maximee
512 4450 652 4522 Graecia
657 4450 785 4549 petitis,
800 4448 893 4541 idque
913 4475 953 4518 cx
967 4451 1148 4540 ignorantia
1164 4451 1359 4520 Graecarum
1372 4453 1543 4541 originum.

336 4562 498 4636 Graecum
517 4591 628 4639 nomen
657 4585 704 4640 cst
729 4553 889 4647 ssrvssle,
911 4561 1048 4647 [Inueni
1071 4580 1081 4631 :
1110 4564 1183 4635 inde
1202 4562 1354 4639 Latinum
1379 4562 1542 4657 Peneus,
