3750 6217
430 682 1203 784 ast1D081.een.
1356 708 1431 767 rm

229 854 445 951 Prodimur‚
467 874 575 955 atque
592 858 692 931 Italis
709 862 817 959 longe
836 850 1075 958 disjungimur
1095 846 1174 932 oris

228 970 298 1048 Hic
317 976 460 1070 pietatis
477 975 596 1047 honos
614 975 631 1045 ?
661 975 711 1047 sic
731 999 799 1048 nos
818 977 856 1046 in
874 992 1008 1070 sceptra
1026 973 1205 1069 reponis?

286 1079 365 1161 Olli
384 1088 570 1163 subridens
589 1089 785 1161 hominurn
805 1104 899 1163 sator
918 1109 1025 1182 atque
1045 1089 1224 1180 deorum,

229 1200 368 1296 Voltu,
389 1230 466 1301 quo
484 1208 629 1278 coelum
646 1223 948 1299 tempestatesque
965 1222 1122 1294 serenat,

229 1320 364 1395 Oscula
384 1319 508 1392 libavit
526 1338 629 1391 natae
646 1350 655 1400 ;
682 1318 812 1391 dehinc
828 1319 911 1392 talia
928 1317 1043 1390 futuri

288 1434 393 1510 Parce
413 1452 540 1525 metu,
563 1433 735 1530 Cydrerea
759 1462 766 1502 ε
795 1450 945 1506 manent
964 1434 1104 1506 inmota
1121 1452 1271 1507 tuorum

232 1541 315 1623 Fata
331 1551 398 1622 tibi
423 1577 431 1618 :
461 1574 579 1622 cernes
596 1550 722 1621 urbem
743 1567 778 1621 et
793 1550 970 1645 promissa
987 1546 1114 1619 Lavini

232 1657 403 1755 Moenia,
428 1664 696 1759 sublimemque
714 1662 801 1737 feres
821 1664 867 1736 ad
887 1665 999 1736 sidera
1017 1665 1110 1735 coell

232 1774 507 1880 Magnanimum
527 1779 674 1851 Aenean
695 1806 703 1847 z
731 1803 852 1874 neque
870 1803 930 1850 me
949 1781 1123 1851 sententia
1142 1779 1254 1851 verrit.

233 1890 302 1967 Hic
323 1884 412 1990 (tibi
430 1894 532 1966 fabor
551 1896 669 1984 enim,
692 1895 839 1989 quando
858 1894 945 1965 haec
960 1910 996 1964 te
1016 1918 1096 1964 cura
1114 1892 1317 1986 remordet,

233 2001 396 2110 Longius
413 2028 449 2082 et
463 2012 614 2083 volvens
630 2009 786 2082 fatorum
803 2033 926 2081 arcana
945 2008 1130 2104 movebo)

234 2116 376 2196 Bellum
397 2127 522 2224 ingens
539 2144 634 2224 geret
654 2126 778 2214 Italia,
800 2125 1037 2221 populosque
1059 2122 1195 2198 feroces

234 2235 463 2320 Contundet;
482 2263 675 2335 moresque
691 2241 774 2311 viris
793 2258 829 2312 et
846 2241 993 2310 moenia
1013 2258 1145 2334 ponet:

233 2346 354 2428 Tertia
374 2355 463 2427 dum
482 2354 586 2429 Latio¹
606 2373 814 2455 regnantem
831 2355 958 2427 viderit
974 2372 1107 2445 aestas,

234 2462 425 2565 Temaque
443 2473 642 2544 transierint
658 2470 803 2543 Rutulis
821 2469 967 2542 hiberna
983 2469 1148 2545 subactis.

235 2583 282 2656 At
301 2603 390 2679 puer
408 2585 602 2677 Ascanius,
626 2587 683 2658 cui
699 2609 798 2656 nunc
815 2602 1021 2684 cognomen
1038 2585 1122 2658 liilo

235 2692 389 2770 Additur
408 2719 416 2781 r
438 2702 513 2775 llus
532 2719 629 2791 erat,
649 2701 740 2773 'dum
760 2724 813 2773 res
833 2701 928 2772 stetit
948 2699 1014 2770 llla
1035 2722 1178 2803 regnor

236 2807 399 2913 Triginta
415 2831 566 2914 magnos
585 2814 775 2887 volvendis
792 2814 979 2887 mensibus
997 2815 1095 2887 orbis

236 2925 397 3022 Imperio
416 2930 597 3025 explebit,
617 2952 840 3029 regnumque
859 2929 906 2999 ab
925 2927 1009 3001 sede
1028 2924 1157 2998 Lavini

237 3036 456 3133 Transferet,
479 3065 514 3117 et
532 3046 682 3142 longam
698 3045 814 3115 multa
830 3044 867 3113 vi
884 3043 1026 3115 muniet
1043 3038 1189 3116 Albam·

237 3150 308 3230 Hic
323 3160 401 3255 jam
420 3175 633 3231 tercentum
653 3172 751 3232 totos
769 3157 973 3256 regnabitur
993 3182 1110 3230 annos

236 3273 354 3344 (iente
372 3271 439 3344 sub
456 3272 656 3354 Hectorea;
680 3273 796 3344 donec
813 3273 934 3371 regina
954 3273 1118 3345 sacerdos

235 3385 348 3459 Marte
367 3388 479 3485 gravis
496 3388 678 3486 geminam
698 3400 801 3483 partu
819 3387 919 3461 dabit
940 3387 1006 3459 Ilia
1026 3388 1179 3482 prolem.

236 3502 327 3575 lnde
347 3503 455 3597 lupae
475 3500 578 3574 fulvo
598 3504 746 3576 nutricis
764 3504 923 3602 tegmine
942 3505 1055 3576 laetus

234 3617 417 3691 Romulus
436 3619 590 3713 excipiet
607 3639 778 3716 gentem,
800 3638 835 3693 et
854 3618 1029 3690 Mavortia
1049 3618 1183 3692 condet

235 3733 404 3822 Moenia,
421 3731 683 3828 Romanosque
704 3758 770 3808 suo
797 3734 843 3806 de
863 3736 1015 3807 nomine
1037 3734 1142 3806 dicet

237 3848 305 3922 His
324 3867 392 3947 ego
410 3870 477 3919 nec
493 3868 609 3922 metas
625 3866 768 3940 rerum,
794 3875 861 3922 nec
879 3868 1044 3946 tempora
1062 3868 1188 3944 pono:

239 3962 440 4059 Imperium
460 3962 537 4034 sine
556 3963 628 4038 fine
647 3964 741 4037 dedi.
780 3967 870 4060 quin
887 3990 1008 4060 aspera
1021 3963 1145 4053 Juno,

238 4077 344 4184 Quae
363 4100 461 4148 mare
480 4101 579 4149 nunc
599 4097 776 4173 terrasque
793 4097 894 4151 metu
911 4081 1132 4173 coelumque
1150 4066 1297 4187 fatigat!

239 4190 400 4264 Consilia
419 4193 458 4264 in
478 4195 611 4265 melius
630 4192 776 4285 referet,
801 4216 1020 4288 mecumque
1037 4192 1176 4267 fovebit

237 4305 446 4397 Romanos,
471 4326 592 4381 rerum
611 4308 804 4398 dominos,
827 4329 1046 4408 gentemque
1061 4328 1234 4409 togatam.

238 4422 295 4495 Sic
314 4424 498 4519 placitum.
535 4425 655 4496 veniet
675 4426 793 4498 lustris
813 4425 1015 4498 labentibus
1034 4443 1149 4517 aetas,

239 4536 369 4645 Quom
387 4539 522 4615 domus
536 4538 698 4623 Asamci
716 4536 884 4616 Phthiam
903 4542 1085 4636 clarasque
1102 4538 1275 4637 Mycenas

1090 4653 1129 4763 Q
