3750 6217
243 707 1456 905 RICH.FRANC.PH1L.BRUNCK

483 926 712 1002 numne
741 898 1226 1001 1ns'cn1PT1onUM

235 1110 312 1191 ur
340 1112 748 1189 numnmonon
779 1100 1105 1184 Ltnsnonuu
1137 1100 1460 1231 quantumst

752 1284 951 1367 somus·

579 1471 925 1555 'tectum
981 1479 1019 1553 S·
1077 1477 1128 1550 Da

243 1826 307 1971 E
316 1890 388 1966 LE
399 1886 514 1966 GnN
524 1888 586 1966 Π
608 1885 710 1966 cuiuis
729 1886 903 1969 venustatis
923 1885 1092 1996 spectatori
1105 1885 1255 1995 plurimis
1276 1912 1311 1967 te
1335 1882 1459 1969 dotibus

239 2010 459 2085 novam’bane
482 2010 695 2084 VIRGILII
712 2014 879 2084 editionem
897 2013 1183 2083 commendaturum
1201 2036 1306 2110 spero,
1323 2036 1458 2108 quarum

241 2146 305 2200 tres
327 2144 429 2214 sunt,
455 2148 533 2222 quae
545 2120 796 2225 praemunitione
820 2129 927 2224 aliqua
947 2127 1088 2220 indigere
1107 2128 1277 2204 uidentur,
1290 2152 1350 2204 ne,
1375 2128 1461 2223 quod

237 2237 331 2315 laudi
343 2242 521 2313 ducendum
533 2242 700 2330 existimo,
722 2244 758 2313 id
773 2263 880 2315 contro
898 2235 974 2315 uitio
993 2254 1118 2315 uertant
1131 2234 1173 2319 ii,
1189 2243 1244 2338 qui
1261 2257 1352 2313 extro
1368 2236 1459 2315 tritos

240 2359 338 2430 calles
357 2376 528 2455 numquam
546 2368 611 2429 tuto
623 2357 739 2457 pedem
760 2362 864 2456 efferri
871 2374 964 2458 poste
981 2377 1155 2430 autumant

297 2529 464 2648 Quantum
488 2530 608 2602 sinceri
626 2533 738 2602 nitoris
759 2524 884 2625 Virgilii
904 2532 1092 2602 carminibus
1117 2523 1287 2603 restituerit
1303 2520 1456 2603 nobilissi-

238 2664 362 2720 morum
385 2644 593 2736 criticorum,
617 2648 694 2718 Nic.
721 2640 854 2719 Heinsii
874 2666 905 2718 et
919 2648 988 2718 Pet.
1012 2648 1197 2717 Burmanni
1208 2648 1385 2736 industria,
1413 2665 1458 2718 tat

241 2764 435 2835 eruditorum
454 2788 495 2834 ex
509 2762 651 2834 omnibus
668 2762 815 2860 Europae
832 2763 976 2855 gentibus
984 2757 1157 2861 praeconia
1176 2762 1388 2850 celebrarunt,
1422 2781 1458 2834 ut

239 2872 360 2951 nemini
377 2867 520 2971 ignotum
532 2903 596 2948 esse
606 2874 724 2977 possiti
742 2879 884 2972 quamuis
899 2878 934 2947 id
946 2874 1049 2946 minus
1062 2867 1270 2981 intellexerint
1281 2878 1408 2972 qnidam
1423 2878 1457 2947 in

239 3014 310 3064 arte
320 3017 380 3061 sua
391 2986 575 3062 excellentes
587 2991 785 3090 typographi,
800 2986 853 3086 qui
863 2985 992 3060 Poitam
1004 3007 1098 3085 quum
1103 2984 1223 3085 formis
1231 2991 1460 3086 pulchrioribus

243 3105 461 3192 excuderent,
485 3122 580 3174 suone
606 3128 646 3174 an
675 3095 807 3174 alionum
828 3098 982 3192 consilio,
1009 3123 1154 3173 neutram
1173 3105 1380 3173 recensionem
1404 3130 1458 3175 eu·

240 3220 386 3321 primore
398 3216 524 3311 dignati
541 3236 623 3289 sunt.
655 3221 699 3289 Ar
716 3218 898 3315 ubicumque
911 3219 1019 3310 uigent
1034 3218 1171 3289 Criticae
1185 3214 1307 3306 studia,
1324 3243 1460 3317 suntque
1604 3220 1607 3225 ’

246 3350 371 3408 constat
389 3333 490 3405 bonor
505 3358 598 3405 uerae
618 3326 811 3423 surditiam,
831 3333 996 3433 piaculum
1017 3328 1180 3404 admittere
1199 3324 1379 3424 videretur,
1404 3334 1462 3432 qui

245 3442 415 3544 Virgilium
426 3444 506 3550 typis
517 3442 706 3521 describeret
717 3438 829 3540 aliter,
845 3474 940 3546 quam
953 3442 992 3518 ab
1006 3442 1163 3540 Heinsio,
1177 3469 1233 3521 aut
1243 3452 1459 3523 aBurmanno

235 3583 312 3669 post
339 3558 512 3636 Heinsium
539 3566 724 3636 constitutus
748 3578 804 3637 est.
835 3564 995 3662 Equidem
1024 3568 1218 3638 recensiones
1246 3558 1318 3637 illas
1346 3561 1460 3639 ceteros

239 3682 385 3755 omnibns
406 3680 505 3752 multo
523 3674 729 3781 perfectiores
750 3684 892 3753 existimo
921 3710 932 3750 .·
962 3703 1022 3753 nec
1047 3701 1150 3753 tamen
1172 3685 1218 3753 ita
1237 3672 1384 3753 laudibus
1404 3706 1459 3754 eas

240 3798 355 3895 efferri
365 3798 483 3887 uelim,
499 3816 535 3869 ut
548 3786 621 3869 inde
629 3792 865 3899 praejudicium
880 3800 1022 3885 oriatur,
1039 3823 1097 3895 quo
1116 3790 1241 3868 liberale
1258 3798 1463 3871 demorentur

242 3912 407 4008 ingenium
430 3912 469 3982 ab
493 3910 579 3984 ononi
597 3935 711 3985 conatu
732 3914 776 3984 ad
799 3908 894 3984 altius
903 3906 1109 4013 perfectionis
1117 3909 1290 4011 fastigium
1310 3914 1456 3986 enitendi.

280 4030 369 4128 uippe
391 4028 557 4121 Virgilison
571 4053 632 4100 non
649 4022 695 4100 ita
707 4030 844 4130 politum
862 4028 1079 4126 excultumqne
1102 4022 1265 4117 exbiberi,
1285 4046 1320 4099 ut
1331 4032 1463 4128 priscae.

230 4028 369 4243 fiendis
389 4138 519 4215 subinde
540 4167 600 4215 non
622 4144 797 4245 adpareant
814 4142 959 4239 vestigia.
992 4148 1041 4218 Ac
1055 4136 1199 4244 primum
1219 4140 1344 4242 quidem
1365 4172 1404 4218 ea
1426 4142 1459 4219 in

236 4275 353 4360 parte,
370 4284 449 4357 quae
470 4253 580 4331 merito
595 4262 771 4362 praecipua
788 4280 953 4349 censetur,
974 4263 1083 4358 cuique
1102 4260 1177 4332 bene
1191 4260 1460 4334 administrandae

244 4379 385 4447 maxime
394 4370 515 4478 judicii
536 4370 707 4449 subtilitate
732 4396 763 4449 et
783 4375 927 4448 acumine
945 4400 1021 4446 usus
1039 4396 1107 4466 est,
1127 4377 1294 4449 lectionum
1312 4368 1460 4449 dilectssm

245 4492 339 4579 dico,
357 4481 449 4587 longe
473 4493 575 4581 abest,
603 4494 742 4565 utnulla
765 4484 881 4564 erroris
896 4484 1029 4563 bumani
1046 4494 1138 4594 culpa
1160 4510 1325 4566 teneantur
1345 4496 1462 4566 nobiles

245 4602 295 4678 illi
310 4604 497 4681 Duumuiri.
529 4607 678 4706 Namque
689 4611 771 4681 alias
783 4610 909 4681 mireris
919 4632 1033 4680 nouom
1045 4609 1206 4681 lectionem
1214 4610 1267 4682 uel
1279 4611 1459 4696 obscuram,

248 4720 302 4795 ml
317 4724 421 4799 mistus
440 4726 651 4820 concinnem,
672 4724 725 4802 rel
741 4722 882 4800 incertae
890 4724 983 4822 fidei
990 4777 1001 4815 ,
1014 4726 1198 4824 quandoque
1213 4728 1309 4798 etiam
1322 4718 1460 4815 nullius'q

1158 4842 1179 4892 ⁴
1212 4862 1232 4915 a
