3750 6217
350 732 431 803 34⁰
555 700 1006 781 AENEIDOS
1062 702 1111 775 X.
1169 724 1349 820 v.1q3.

342 871 590 963 Linquentem
602 888 733 959 terras,
756 889 791 958 et
811 868 923 940 sidera
942 892 1032 939 voce
1053 885 1277 961 sequentem.

343 986 480 1074 Filius,
501 986 658 1079 aequalis
677 985 871 1062 comitatus
892 984 1002 1056 classe
1021 1000 1197 1072 catervas,

343 1101 537 1199 Ingentem
556 1101 664 1173 remis
683 1099 903 1171 Centaurum
923 1117 1119 1192 promovet
1141 1125 1150 1166 ι
1182 1098 1246 1169 ille

343 1216 462 1288 Instat
478 1239 613 1311 aquae,
637 1239 838 1308 saxumque
858 1213 966 1284 undis
984 1214 1130 1284 inmane
1151 1213 1309 1294 minatur

339 1329 514 1419 Mrduus,
535 1348 571 1400 et
590 1332 699 1426 longa
720 1329 832 1400 sulcat
851 1329 964 1400 maria
983 1330 1053 1400 alta
1074 1329 1200 1398 carina.

382 1446 473 1514 .Ille
492 1443 600 1515 etiam
621 1444 743 1538 patriis
763 1467 894 1539 agmen
916 1444 985 1513 ciet
1004 1441 1130 1517 Ocnus
1150 1442 1196 1513 ab
1216 1442 1304 1531 oris,

347 1558 526 1632 Fatidicae
544 1558 689 1629 Mantus
710 1576 744 1627 et
763 1558 873 1628 Tusci
892 1556 989 1627 filius
1006 1557 1124 1629 amnis
1138 1567 1160 1625 ε’

347 1674 427 1778 Qui
446 1698 570 1745 muros
589 1672 784 1764 matrisque
805 1671 907 1743 dedit
925 1671 1015 1760 tibi,
1038 1671 1208 1759 Mantua,
1229 1693 1394 1749 nomena

347 1788 500 1860 Mantua
521 1787 621 1858 dives
642 1786 726 1858 avis.
766 1786 828 1858 sed
849 1786 925 1866 noir
945 1810 1058 1883 genus
1079 1786 1253 1887 omnibus
1273 1809 1403 1872 unum.

349 1902 448 1973 Gens
468 1901 521 1971 illi
542 1903 689 1996 triplex,
711 1901 844 1996 populi
864 1898 931 1971 sub
950 1919 1054 1996 gente
1074 1891 1263 1992 quaterni:

347 2017 436 2112 Ipsa
456 2035 565 2110 caput
581 2016 732 2110 populis
751 2043 759 2083 :
789 2014 912 2090 Tusco
933 2012 980 2083 de
998 2014 1170 2111 sanguine
1188 2014 1288 2083 vires.

351 2131 451 2202 Hinc
473 2155 625 2224 quoque
645 2130 866 2225 quingentos
882 2121 923 2197 'in
945 2152 982 2199 se
1000 2127 1196 2200 Mezentius
1212 2145 1345 2216 armat,

350 2245 459 2350 Quos
477 2262 576 2338 patre
597 2244 738 2313 Benaco
758 2244 894 2313 velatus
912 2242 1086 2313 arundine
1105 2245 1230 2340 glauca

350 2359 510 2431 Mincius
531 2356 658 2429 infesta
676 2357 831 2429 ducebat
849 2358 887 2426 in
905 2369 1061 2450 aequora
1079 2358 1179 2452 pinu.

349 2473 389 2555 It
406 2472 518 2570 gravis
537 2470 722 2561 Aulestes,
743 2490 965 2565 centenaque
985 2471 1109 2542 arbore
1125 2463 1255 2543 fluctus

351 2585 526 2658 Verberat
546 2585 762 2684 adsurgens:
793 2606 966 2679 spumant
981 2586 1070 2656 vada
1091 2610 1270 2657 marmore
1288 2610 1400 2658 verso.

349 2699 462 2771 Hunc
480 2700 578 2771 vehit
597 2701 754 2772 inmanis
773 2693 923 2789 Triton,
945 2719 981 2771 et
1001 2702 1137 2772 caerula
1157 2702 1295 2772 concha

350 2815 537 2887 Exterrens
556 2813 639 2890 freta
664 2843 671 2884 :
702 2815 761 2885 cui
781 2807 931 2899 laterum
953 2835 1057 2886 tenus
1076 2816 1219 2910 hispida
1239 2815 1338 2886 nanti

352 2929 468 3010 Frons
484 2913 675 3008 hominem
695 2913 871 3024 praefert,
897 2921 939 2999 in'
956 2931 1097 3024 pristim
1116 2930 1247 3001 desinit
1266 2931 1385 3009 alvus;

280 3129 286 3152 ι
353 3043 513 3137 Spumea
535 3043 701 3115 semifero
725 3043 792 3115 sub
811 3063 957 3137 pectore
978 3064 1177 3117 murmurat
1193 3044 1299 3119 unda.

354 3159 431 3228 ‘sot
448 3160 530 3230 lecti
549 3182 714 3251 proceres
730 3178 783 3230 ter
802 3159 906 3231 denis
926 3160 1077 3231 navibus
1097 3160 1197 3240 ibant

352 3271 524 3345 Subsidio
545 3271 698 3359 Troiae,
722 3291 758 3344 et
776 3299 927 3367 campos
948 3275 1030 3346 salis
1049 3299 1124 3354 aere
1147 3274 1319 3348 secabant

410 3385 567 3477 Jamque
587 3385 663 3456 dies
683 3389 788 3458 coelo
809 3383 1027 3471 concesserat
1048 3419 1056 3456 :
1086 3383 1254 3481 almaque
1274 3412 1377 3460 curru

354 3499 556 3593 Noctivago
577 3499 723 3574 Phoebe
744 3490 1098 3595 medium‘pulsabat
1117 3504 1343 3596 Olympum:
1445 3557 1448 3562 .

355 3613 494 3684 Aeneas
515 3614 779 3705 (nequeenim
797 3616 970 3696 membris
991 3618 1050 3689 dat
1073 3642 1151 3711 cura
1174 3619 1358 3711 quietem)

356 3729 442 3820 Ipse
462 3728 588 3812 sedens
608 3730 824 3822 clavomque
844 3732 931 3828 regit
949 3733 1111 3826 velisque
1132 3733 1316 3803 ministrat.

354 3838 475 3932 Atque
498 3843 550 3912 illi
571 3844 696 3914 medio
718 3844 757 3912 in
776 3847 891 3937 spatio
913 3847 1041 3918 chorus
1065 3872 1144 3917 ecce
1166 3872 1308 3918 suarum

358 3954 521 4026 Occurrit
541 3958 718 4027 comitum
741 3987 749 4026 r
780 3958 994 4053 Nymphae,
1017 3986 1108 4054 quas
1125 3964 1218 4031 alma
1237 3960 1386 4055 Cybebe

357 4067 514 4155 Numen⁸
526 4069 652 4139 habere
671 4072 804 4161 maris,
829 4071 1093 4167 Nymphasque
1112 4102 1133 4148 e
1150 4076 1302 4147 navibus
1322 4099 1399 4164 esse,

354 4180 531 4270 Jusserat,
555 4183 728 4256 innabant
748 4188 899 4277 pariter,
923 4187 1126 4283 fluctusque
1146 4191 1331 4280 secabant,

358 4292 464 4398 Quot
483 4296 579 4386 prius
600 4318 733 4368 aeratae
755 4318 919 4371 steterant
936 4301 983 4371 ad
1006 4304 1107 4373 litora
1125 4302 1281 4399 puppes.

358 4406 600 4502 A'dgnoscunt
620 4413 728 4508 longe
750 4438 895 4509 regem,
922 4412 1144 4511 lustrantque
1164 4420 1310 4490 choreis.

210 4615 216 4624 η
360 4520 546 4629 Quarum,
569 4548 660 4616 quae
680 4525 781 4596 sandi
800 4526 1028 4618 doctissima,
1049 4532 1285 4625 Cymodpcea
