3750 6217
661 684 813 803 ⁰84·
988 673 2033 755 GEoRG1coN
2148 673 2344 745 111.
2460 695 2528 742 va
2635 690 2819 762 323.

707 851 1103 943 Carpamus
1127 901 1148 935 ‚
1185 845 1367 915 dum
1403 869 1617 915 mane
1651 866 1929 914 novom
1961 896 1981 930 ‚
2036 841 2216 911 dum
2252 835 2574 939 gramina
2609 849 2916 944 canent,-

704 966 797 1040 Et
836 988 952 1035 ros
991 963 1067 1032 in
1105 979 1340 1032 tenera
1377 960 1621 1053 pecori
1660 957 2092 1056 gratissimus
2126 953 2361 1029 herba.

702 1079 892 1153 Inde
917 1132 939 1167 ‚
982 1077 1112 1148 ubi
1159 1095 1403 1169 quarta
1444 1076 1636 1147 sitim
1677 1072 1859 1143 coeli
1898 1071 2283 1168 conlegerit
2318 1071 2494 1142 hora
2517 1119 2543 1158 ,

703 1198 797 1273 Et
834 1211 1043 1265 cantu
1086 1192 1417 1286 querulae
1455 1205 1794 1284 rumpent
1832 1186 2109 1261 arbusta
2149 1186 2428 1261 cicadae
2461 1215 2481 1265 ι

704 1310 823 1382 Ad
867 1326 1125 1403 puteos
1148 1361 1169 1395 ‚
1215 1324 1337 1376 aut
1377 1308 1513 1376 alta
1562 1327 1797 1401 greges
1839 1301 1929 1371 ad
1972 1318 2215 1400 stagna
2244 1301 2502 1400 jubeto

707 1427 1128 1497 Currentem
1179 1421 1417 1518 ilignis
1460 1437 1703 1512 potare
1755 1417 2118 1489 canalibus
2164 1418 2487 1489 undam:

705 1538 1042 1613 Aestibus
1082 1556 1153 1608 at
1190 1536 1449 1606 mediis
1487 1533 1909 1604 umbrosam
1948 1534 2311 1625 exquirere
2343 1533 2661 1622 vallem,'

708 1654 950 1728 Sicubi
987 1677 1246 1750 magna
1277 1650 1481 1739 jovis
1516 1649 1819 1742 antiquo
1859 1647 2114 1719 robore
2158 1671 2461 1742 quercus

709 1771 1030 1868 Ingentis
1070 1766 1316 1838 tendat
1363 1788 1600 1839 ramos
1651 1792 1667 1833 ε
1728 1782 1849 1834 aut
1892 1763 2117 1835 sicubi
2166 1763 2451 1861 nigrum

708 1885 1003 1957 Ilicibus
1046 1882 1296 1955 crebris
1336 1906 1519 1953 sacra
1553 1903 1809 1950 nemus
1848 1878 2152 1950 adcubet
2182 1879 2457 1949 umbra.

709 2002 916 2071 Tum
958 1998 1196 2071 tenuis
1235 1998 1398 2067 dare
1431 2021 1662 2067 rursus
1700 2020 1921 2088 aquas
1944 2049 1964 2082 ,
2022 2013 2092 2066 et
2126 2018 2406 2089 pascere
2453 2017 2690 2070 rursus

710 2115 898 2187 Solis
952 2115 1042 2184 ad
1099 2136 1433 2185 occasum
1482 2139 1497 2178 ι
1559 2135 1793 2203 quom
1837 2109 2131 2208 frigidus
2168 2122 2323 2181 aera
2361 2109 2639 2205 Vesper

709 2231 1102 2323 Temperat
1133 2280 1155 2316 ‚
1202 2245 1273 2297 et
1304 2227 1520 2298 saltus
1559 2224 1778 2297 reficit
1804 2228 1956 2322 jam
2003 2226 2278 2298 roscida
2324 2227 2539 2315 luna,

712 2346 1104 2436 Litoraque
1151 2344 1508 2435 alcyonen
1552 2360 1923 2429 resonant,
1984 2341 2424 2414 acalanthida
2467 2343 2694 2412 dumi.

712 2459 921 2564 Quid
958 2459 1093 2529 tibi
1137 2475 1451 2552 pastores
1493 2455 1762 2550 Libyae
1794 2510 1817 2544 ,
1866 2457 2047 2550 quid
2093 2479 2360 2552 pascua
2401 2481 2606 2529 versu

712 2575 1110 2667 Prosequar
1135 2627 1156 2661 ‚
1213 2591 1284 2643 et
1327 2573 1490 2644 raris
1526 2571 1834 2643 habitata
1883 2574 2197 2668 mapalia
2238 2574 2500 2646 tectis?

711 2690 937 2785 Saepe
984 2689 1180 2760 diem
1223 2706 1665 2782 noctemque
1697 2743 1717 2777 ,
1767 2706 1836 2760 et
1874 2706 2114 2761 totum
2164 2715 2254 2761 ex
2305 2689 2555 2761 ordine
2593 2707 2925 2763 mensem

711 2806 1070 2893 Pascitur,
1113 2804 1316 2897 itque
1357 2828 1579 2899 pecus
1625 2806 1843 2902 longa
1883 2805 1959 2875 in
2002 2805 2272 2881 deserta
2310 2805 2462 2877 sine
2503 2804 2675 2875 ullis

710 2921 1071 3016 Hospitiis
1114 2948 1129 2989 ε
1188 2937 1471 2993 tanturn
1511 2921 1751 3014 campi
1777 2922 1981 3018 jacet.
2063 2923 2313 2992 omnia
2352 2946 2594 2994 secum

710 3035 1197 3110 Armentarius
1237 3033 1405 3108 Afer
1437 3037 1617 3136 agit,
1663 3053 2116 3129 tectumque,
2162 3036 2604 3131 Laremque,

712 3151 1080 3245 Armaque
1101 3206 1123 3242 ‚
1169 3150 1789 3247 Amyclaeumque
1830 3176 2118 3241 canem,
2155 3151 2627 3247 Cressamque
2661 3138 3081 3247 pharetram.

711 3267 893 3341 Non
935 3290 1131 3338 secus
1170 3291 1252 3341 ac
1289 3268 1530 3361 patriis
1563 3289 1717 3337 acer
1753 3267 2127 3340 Romanus
2167 3268 2245 3338 in
2284 3268 2497 3341 armis

713 3382 997 3480 Injusto
1042 3379 1172 3453 sub
1213 3378 1397 3451 fasce
1430 3382 1622 3451 viam
1661 3406 1893 3474 quom
1934 3382 2189 3475 carpit,
2236 3403 2309 3457 et
2344 3383 2536 3457 hosti

713 3495 907 3573 Ante
955 3511 1442 3589 exspectatum
1480 3495 1742 3589 positis
1781 3515 1917 3567 stat
1949 3497 2025 3566 in
2067 3499 2318 3577 ordine
2359 3498 2613 3571 castris·

717 3609 819 3687 At
845 3635 1040 3698 non,
1094 3634 1243 3704 qua
1280 3606 1601 3703 Scythiae
1641 3629 1883 3707 gentes
1916 3667 1936 3701 ‚
1983 3611 2446 3708 Maeotiaque
2479 3613 2674 3686 unda
2695 3628 2727 3704 ,¹

715 3725 1085 3798 Turbidus
1125 3743 1194 3796 et
1231 3744 1575 3819 torquens
1608 3724 1933 3799 flaventis
1967 3726 2145 3801 Ister
2178 3754 2416 3803 arenas
2441 3782 2463 3819 ‚

717 3841 1035 3948 Quaque
1073 3840 1257 3912 redit
1293 3841 1622 3918 medium
1657 3841 2024 3939 Rhodope
2059 3863 2382 3939 porrecta
2420 3845 2555 3918 sub
2586 3868 2797 3920 axem
2828 3871 2855 3927 ς
