3750 6217
383 839 1536 1050 Aruernos

561 1227 835 1339 trusa
903 1223 1347 1338 orciuos

349 1551 419 1621 Pu
431 1550 465 1619 N
480 1550 513 1619 D
527 1551 542 1619 l
555 1550 590 1619 T
601 1549 677 1621 UR
705 1552 834 1623 interea
855 1545 990 1621 doinus
1009 1535 1274 1643 omnipotentis
1293 1529 1449 1642 Olympi
1465 1595 1487 1636 5

350 1667 634 1758 Conciliumque
653 1652 758 1737 ¹vocat
776 1651 901 1735 dudm
922 1685 1021 1759 patet
1039 1685 1146 1756 atque
1165 1661 1359 1734 hominum
1380 1680 1443 1732 tex

350 1780 529 1851 Sideream
551 1781 588 1849 in
611 1774 732 1852 sedena
752 1809 759 1848 ε
789 1801 894 1851 terras
912 1780 1010 1849 unde
1026 1778 1155 1849 arduus
1175 1771 1321 1865 omnis,

351 1895 545 1986 Castraque
562 1895 810 1966 Dardanidum
830 1895 1034 1989 adspectat,
1059 1887 1296 1987 populosque
1316 1883 1480 1963 Latinos.

352 2009 561 2096 Considunt
578 2012 678 2081 tectis
698 1993 953 2104 bipatentibus.
996 2007 1125 2102 incipit
1146 2009 1265 2104 ipse:¹

359 2205 365 2217 ἱ
411 2124 619 2196 Coelicolae
636 2127 758 2224 magni
772 2179 782 2214 ‚
796 2126 889 2218 quia
909 2135 994 2193 nain
1015 2123 1186 2195 sententia
1206 2121 1312 2191 vobis

352 2239 465 2338 Versa
483 2243 597 2329 retr'o5
621 2238 835 2332 tantumque
854 2240 985 2310 animis
1003 2238 1139 2309 'certatis
1158 2229 1320 2330 iniquis?

353 2353 559 2425 Abnueram
581 2351 680 2424 bello
700 2355 841 2425 ltaliam
863 2357 1067 2424 ¹'concurrere
1087 2352 1241 2423 Teucris.
1264 2343 1266 2348 ¹

311 2469 315 2476 ’
354 2453 461 2571 Quae
480 2489 600 2538 contra
620 2471 770 2540 vetitum
794 2469 969 2541 discordia
991 2467 1007 2538 ?
1038 2467 1120 2561 quis
1141 2481 1258 2537 tnetus
1278 2484 1337 2537 aut
1356 2449 1437 2538 llos'

354 2579 429 2652 Aut
448 2583 515 2653 hos
531 2608 626 2652 arma
646 2585 744 2676 sequi
771 2583 976 2677 seminique
998 2585 1164 2653 lacessere
1183 2581 1322 2651 suasit?

354 2693 533 2794 Adveniet
546 2687 687 2798 justum
707 2724 872 2797 pugnae3
895 2723 941 2768 ne
966 2695 1146 2798 arcessite,
1170 2693 1338 2789 tenrpu53

356 2803 484 2914 Quom
506 2810 575 2882 fera
596 2799 771 2911 Carthago
793 2813 970 2883 Romanis
986 2811 1124 2881 arcibus
1143 2810 1235 2913 olim

355 2924 517 3020 Exitium
538 2919 711 3025 inagnum
730 2931 837 3022 atque
858 2918 962 3021 Alpis
985 2927 1142 2997 inmittet
1162 2933 1321 3018 apertast·

356 3040 456 3142 'luni
477 3061 603 3113 certare
624 3043 740 3132 odiis,
766 3036 845 3114 tuin
864 3068 916 3113 res
934 3043 1090 3135 rrrpuisse
1113 3039 1244 3123 licebit.

356 3154 464 3251 Nunc
482 3158 586 3227 sinite
603 3187 611 3235 t
635 3151 670 3227 et
688 3149 862 3250 placitum
883 3159 963 3228 laeti
985 3157 1186 3249 corrporrite
1204 3145 1341 3226 foedus.
1392 3229 1399 3241 „

352 3270 520 3363 Juppiter
539 3263 624 3340 haec
642 3273 766 3364 paucis
790 3300 797 3342 :
828 3293 959 3343 utnon
980 3270 1107 3343 Venus
1129 3277 1231 3342 aurea
1252 3269 1374 3339 contra

356 3385 471 3454 Pauca
489 3383 600 3455 refert.

358 3500 394 3567 Ο
412 3498 532 3586 Pater3
557 3487 792 3586 olr‘orninum
814 3505 1006 3594 reruinqu'e
1027 3502 1165 3571 aeterna
1186 3484 1369 3594 potestas!

358 3609 528 3704 Namque
548 3612 644 3683 aliud
665 3616 755 3706 quid
780 3619 844 3704 sit,
870 3618 971 3707 quod
986 3619 1062 3714 janr
1083 3619 1261 3710 inplorare
1282 3617 1502 3709 queamus?

359 3727 482 3798 Cenris
503 3749 542 3799 ut
560 3729 732 3801 insultent
752 3721 876 3801 Rutuli
895 3763 903 3810 3
925 3732 1143 3824 Turnusque
1162 3731 1309 3830 serapin

360 3842 425 3912 Per
443 3844 584 3914 medios
605 3844 752 3941 insignis
774 3827 898 3939 equis,
921 3847 1157 3939 tumidusque
1178 3844 1337 3931 secundo

359 3956 471 4026 Marte
491 3977 567 4027 ruat
589 3959 604 4027 P
635 3983 712 4027 nou
733 3962 849 4031 clausa
868 3955 993 4057 tegunt
1008 3964 1084 4059 jarn
1104 3959 1250 4031 rnoenia
1269 3961 1456 4034 Teucrosr
1477 3983 1479 3988 ’

361 4069 460 4173 Quin
483 4071 570 4181 intra
590 4069 731 4163 portas,
756 4093 863 4166 atque
883 4075 970 4167 ipsis
989 4071 1125 4167 proelia
1143 4077 1296 4145 miscent

359 4181 557 4279 Aggeribus
574 4199 782 4256 moerorum
807 4216 814 4253 z
846 4207 879 4258 et
901 4189 1077 4259 inundant
1098 4191 1269 4287 sanguine
1289 4188 1414 4263 fossae.

359 4296 498 4390 Aeneas
517 4298 657 4394 ignarus
675 4302 781 4372 abest.
822 4310 1075 4394 nutuquannre
1093 4306 1197 4374 letari

359 4409 564 4502 Obsidione
587 4414 679 4486 sines
703 4417 718 4483 Ξ)
748 4419 860 4486 muris
882 4417 1006 4486 iterunr
1028 4420 1179 4488 inminet
1199 4420 1311 4493 hostis

358 4523 543 4600 Nascentis
563 4527 693 4601 Troiae
715 4558 721 4598 :
746 4554 812 4603 nec
833 4551 909 4603 non
926 4534 1095 4609 exercitus
1114 4536 1222 4627 alter,¹
