3750 6217
346 799 426 874 sot
566 787 1012 873 AEN-EIDOS
1067 793 1116 866 V.
1173 817 1208 867 v.
1254 785 1351 869 Gn'

342 958 433 1039 llina
448 963 566 1040 boum
582 964 688 1036 vobis
704 961 815 1037 Troia
832 981 1014 1064 generatim
1033 957 1179 1035 Acestes

343 1081 418 1154 Dat
436 1105 588 1153 numero
606 1080 723 1175 capita
740 1082 779 1151 in
797 1080 909 1153 naris.
947 1077 1112 1150 adhibete
1128 1075 1290 1167 Penatis,

343 1197 391 1271 Et
407 1197 547 1294 patrios
558 1197 697 1291 epulis,
715 1211 751 1267 et
771 1217 867 1290 quos
884 1185 973 1268 'colit
988 1195 1122 1289 hospes
1140 1190 1294 1266 Acestes·

343 1307 545 1401 Praeterea,
564 1311 594 1384 si
612 1333 711 1382 nona
728 1309 828 1382 diem
847 1307 1061 1382 mortalibus
1080 1307 1221 1380 almum

344 1427 481 1500 Aurora
500 1415 689 1515 extulerit,
708 1415 887 1520 radiisque
903 1423 1066 1497 retexerit
1086 1421 1236 1514 orbem3

345 1533 466 1614 Prima
483 1543 574 1614 citae
589 1537 739 1615 Teucris
756 1561 896 1637 ponam
913 1541 1107 1612 certamina
1125 1540 1255 1614 classis

344 1656 497 1763 Quique
517 1657 656 1753 pedum
676 1681 780 1729 cursu
798 1655 916 1745 valet,
939 1673 975 1727 et
994 1657 1058 1749 qui
1077 1645 1211 1728 viribus
1231 1639 1373 1746 audax,

343 1769 419 1846 Aut
430 1773 553 1871 jaculo
571 1759 706 1844 incedit
724 1772 871 1859 melior,
890 1769 1104 1865 levibusque
1124 1771 1283 1869 sagittis,

343 1877 415 1960 Seu
434 1887 545 1959 crudo
563 1885 644 1961 fidit
661 1905 823 1986 pugnam
840 1887 1055 1960 conmittere
1074 1903 1171 1958 cestu
1190 1911 1198 1953 =

344 2001 479 2075 Cuncti
496 2002 632 2092 adsint,
651 2004 871 2096 meritaeque
890 2017 1098 2095 exspectent
1114 2002 1272 2097 praemia
1289 2000 1444 2094 palmata

344 2117 420 2192 ore
439 2115 554 2190 favete
569 2141 721 2206 omnes,
744 2134 782 2188 et
798 2123 965 2211 tempora
985 2115 1116 2214 cingite
1135 2116 1252 2188 ramis

403 2229 462 2304 sic
480 2230 600 2323 fatus,
619 2223 716 2304 velat
731 2246 891 2303 materna
908 2242 1075 2327 tempora
1092 2250 1222 2326 myrto.

345 2337 462 2420 llocc'
480 2346 661 2442 Helymus
678 2344 783 2438 facit,
807 2345 909 2420 hocc'
928 2347 1006 2418 ae'vi
1023 2365 1183 2418 maturus
1198 2344 1360 2435 Acestes,

345 2461 432 2535 Hoc
450 2479 542 2557 puer
559 2459 733 2535 Ascanius
754 2489 763 2531 a
792 2459 955 2556 sequitur
974 2486 1069 2555 quos
1089 2475 1200 2533 cetera
1220 2461 1345 2556 pubes.

346 2578 419 2651 Ille
437 2603 458 2651 e
477 2578 635 2651 concilio
652 2575 780 2651 multis
796 2601 881 2648 cum
900 2575 1064 2649 millibus
1082 2569 1158 2650 ibat

346 2689 409 2767 Ad
426 2695 636 2783 tumulum,
655 2715 788 2791 magna
805 2692 951 2764 medius
969 2693 1165 2764 comitante
1182 2703 1327 2764 caterva.

346 2799 419 2882 llic
437 2801 513 2880 duo
532 2809 598 2882 rite
616 2830 718 2880 mero
738 2798 856 2881 libans
872 2802 1043 2882 carchesia
1063 2801 1200 2879 Baccho

346 2917 485 2996 Pundit
502 2924 631 3014 humi,
652 2923 728 2995 duo
746 2923 837 2996 lacte
855 2947 981 3014 novo,
1006 2923 1082 2994 dno
1104 2911 1274 3021 sanguine
1293 2937 1412 2996 staur

347 3039 623 3136 Purpureusque
635 3039 723 3139 jacit
738 3035 867 3130 flores,
885 3061 928 3111 ac
944 3040 1027 3111 talia
1047 3037 1161 3111 fanu:

346 3151 475 3245 Salve,
499 3170 618 3228 sancte
634 3179 779 3250 parens,
797 3145 926 3227 itemm
951 3182 960 3223 ε
990 3152 1121 3228 salvete
1138 3139 1271 3248 recepti

348 3267 609 3364 Nequidquam
628 3271 782 3361 cineres,
805 3271 1044 3365 animaeque,
1068 3268 1291 3364 umbraeque
1307 3277 1484 3366 paternae

349 3381 438 3455 Non
458 3385 558 3458 licuit
577 3383 659 3456 flnls
679 3384 811 3476 Italos,
833 3383 1024 3478 fataliaque
1041 3410 1142 3475 arva,

349 3493 427 3570 Nec
445 3516 566 3570 tecum
580 3487 808 3590 Ausonium,
827 3500 1052 3594 quicumque
1069 3515 1141 3589 est,
1160 3519 1325 3592 quaerere
1336 3498 1526 3595 Thybrim

349 3605 497 3685 Dixerat
514 3613 600 3685 haec
622 3639 630 3682 ε
661 3610 776 3708 adytis
793 3631 910 3708 quom
929 3611 1086 3687 lubricus
1104 3605 1230 3711 anguis
1250 3610 1296 3687 ab
1316 3617 1402 3692 imis

212 3753 216 3760 ’
349 3725 496 3825 Septem
516 3729 643 3828 ingens
661 3751 784 3828 gyros,
806 3743 952 3825 septena
968 3731 1157 3802 volumina
1177 3729 1303 3822 traxit,
1362 3777 1367 3784 ·

349 3845 551 3941 Amplexus
570 3843 712 3940 placide
730 3848 935 3935 tumulum,
957 3845 1149 3940 labsusque
1166 3871 1230 3941 per
1248 3859 1347 3922 arasl

349 3959 542 4033 Caeruleae
557 3962 615 4033 cui
634 3981 729 4060 terga
746 3981 875 4052 notae,
895 3955 1102 4035 maculosus
1121 3981 1156 4034 et
1176 3977 1262 4035 auro

348 4072 546 4169 Squamam
566 4073 779 4149 incendebat
797 4073 919 4177 fulgor
943 4107 951 4148 :
981 4103 1046 4151 ceu
1064 4079 1224 4152 nubibus
1241 4102 1340 4157 arcus

348 4185 454 4262 Mille
466 4189 555 4289 jacit
570 4189 686 4265 varios
705 4191 853 4266 adverso
871 4196 949 4267 sole
965 4198 1115 4268 colores.

349 4304 552 4401 Obstupuit
569 4307 648 4379 visu
667 4305 814 4383 Aeneas.
854 4309 915 4381 ille
934 4301 1078 4411 agmine
1097 4313 1210 4410 longo

350 4416 518 4494 Tandem
538 4413 628 4494 lnter
644 4442 801 4519 pateras,
823 4445 860 4497 et
876 4427 966 4497 levia
986 4427 1118 4523 pocula
1137 4442 1300 4521 serpens,

350 4530 568 4632 Libavitque
584 4529 716 4634 dapes,
733 4555 923 4634 rursusque
943 4542 1114 4613 innoxius
1134 4542 1212 4613 imo

346 4647 522 4734 Successit
542 4655 713 4750 tumulo,
729 4671 767 4732 st
782 4655 929 4752 depasta
944 4657 1065 4732 altaria
1084 4657 1211 4754 liquite

117 5261 348 5687 *l
