3750 6217
368 789 455 864 {108
528 783 1053 857 GEORGICON
1112 786 1285 860 lv.·v.
1334 811 1425 881 523.

373 951 522 1050 Gurgite
541 976 659 1045 quom
678 950 803 1021 medio
821 969 969 1046 portans
988 951 1162 1049 Oeagrius
1178 950 1321 1027 Hebrus

373 1066 569 1157 Volveret,
592 1066 792 1160 Eurydicen
806 1090 881 1136 vox
899 1066 978 1160 ipsa
997 1083 1034 1138 et
1051 1064 1178 1165 frigida
1197 1068 1340 1166 lingua,

373 1182 433 1254 Ah
452 1183 618 1255 miseram
636 1179 836 1275 Eurydicen
855 1183 863 1250 ἱ
894 1182 1015 1252 anima
1034 1180 1191 1279 fugiente
1207 1184 1379 1259 vocabat:

373 1297 576 1393 Eurydicen
596 1316 675 1369 toto
696 1296 892 1370 referebant
910 1295 1062 1372 flumine
1079 1298 1186 1393 ripae.

373 1412 473 1485 Haec
493 1413 641 1486 Proteus
661 1441 668 1483 :
699 1431 735 1485 et
756 1439 791 1487 se
805 1415 903 1512 jactu
922 1412 1024 1485 dedit
1042 1438 1178 1507 aequor
1196 1414 1235 1486 in
1255 1415 1379 1488 altum.

375 1526 532 1634 Quaque
551 1529 673 1618 dedit,
694 1548 926 1624 spumantem
945 1528 1081 1599 undam
1102 1530 1169 1601 sub
1187 1530 1322 1600 vortice
1342 1532 1453 1605 torsit.

405 1707 409 1714 ,
432 1642 481 1713 At
499 1669 577 1714 non
598 1644 735 1739 Cyrene
758 1672 766 1712 ι
795 1669 956 1737 namque
974 1645 1069 1715 ultro
1091 1643 1209 1715 adfata
1228 1644 1437 1718 timentem:

374 1758 490 1849 Nate,
513 1760 595 1831 licet
611 1759 718 1831 tristis
739 1760 864 1829 animo
884 1758 1066 1854 deponere
1085 1785 1194 1833 curas.

375 1873 474 1946 Haec
496 1874 616 1947 omnis
634 1874 756 1946 morbi
777 1898 898 1946 caussa
917 1903 924 1942 :
954 1875 1038 1946 hinc
1055 1875 1256 1945 miserabile
1274 1874 1493 1977 Nymphae,

376 1992 473 2062 Cum
493 1991 631 2083 quibus
648 1991 710 2060 illa
730 1991 857 2062 choros
877 1990 967 2062 lucis
986 1987 1140 2088 agitabat
1159 1990 1197 2059 in
1217 1991 1316 2079 altis,

375 2106 538 2180 Exitium
557 2105 685 2178 misere
705 2104 845 2200 apibus.
886 2124 927 2176 tu
947 2129 1095 2176 munera
1115 2106 1272 2199 supplex

375 2220 505 2293 Tende
523 2239 649 2315 petens
669 2246 818 2314 pacem,
841 2238 876 2291 et
893 2217 1006 2293 facilis
1024 2244 1187 2291 venerare
1205 2219 1378 2314 Napaeas.

377 2336 548 2429 Namque
567 2335 708 2408 dabunt
725 2336 870 2434 veniam
889 2337 1010 2425 votis,
1033 2338 1173 2429 irasque
1192 2336 1388 2414 remittent,

376 2451 469 2538 Sed,
497 2450 632 2521 modus
653 2451 779 2521 orandi
797 2451 860 2545 qui
879 2451 946 2539 sit,
966 2452 1065 2545 prius
1086 2452 1213 2522 ordine
1231 2451 1359 2524 dicam.

376 2566 545 2677 Quatuor
563 2567 717 2638 eximios
736 2566 925 2661 praestanti
945 2592 1095 2662 corpore
1112 2585 1248 2655 tauros,

377 2684 454 2788 Qui
475 2682 541 2752 tibi
560 2704 657 2752 nunc
676 2683 798 2754 viridis
817 2683 1017 2776 depascunt
1036 2706 1177 2756 summa
1195 2680 1350 2776 Lycaei,

375 2797 527 2895 Delige,
551 2816 586 2868 et
605 2797 734 2869 intacta
754 2798 909 2870 totidem
929 2799 1062 2872 cervice
1075 2802 1254 2897 juvencas.

376 2911 546 3017 Quatuor
564 2913 620 2984 his
640 2938 713 2985 aras
729 2915 799 2985 alta
818 2914 865 2984 ad
883 2913 1032 2984 delubra
1052 2914 1198 2985 dearum

376 3028 590 3116 Constitue,
613 3047 648 3100 et
666 3054 802 3100 sacntrn
817 3028 952 3129 jugulis
972 3029 1123 3102 demitte
1139 3054 1324 3101 cruorem:

375 3142 612 3237 Corporaque
630 3145 707 3238 ipsa
726 3144 843 3215 boum
860 3142 1035 3218 frondoso
1055 3144 1174 3218 desere
1190 3146 1285 3215 luco.

278 3242 283 3260 ⁶
375 3258 484 3346 Post,
508 3258 571 3327 ubi
590 3283 688 3328 nona
707 3285 790 3331 suos
809 3259 945 3330 Aurora
966 3261 1159 3333 ostenderit
1180 3279 1304 3349 ornas,
1411 3315 1415 3322 -

376 3370 526 3443 Inferias
546 3373 684 3466 Orphei
703 3372 856 3444 Lethaea
873 3400 1048 3468 papavera
1067 3378 1211 3463 mittes,

375 3487 556 3557 Placatam
577 3486 777 3579 Eurydicen
796 3489 907 3558 vitula
924 3489 1134 3560 venerabere
1154 3512 1273 3575 caesa,

376 3601 423 3674 Et
441 3602 578 3698 nigram
598 3601 769 3673 mactabis
788 3627 915 3689 ovem,
939 3604 1135 3695 lucumque
1155 3602 1293 3675 revises.

375 3715 486 3788 Haud
503 3741 605 3786 mora
625 3743 633 3782 a
663 3716 838 3786 continuo
859 3717 981 3789 matris
1000 3736 1187 3810 praecepta
1204 3715 1363 3793 facessit:

376 3831 436 3904 Ad
454 3827 601 3902 delubra
619 3831 733 3910 venit;
756 3849 968 3903 monstratas
988 3831 1117 3903 excitat
1135 3856 1230 3911 aras;

376 3945 546 4050 Quatuor
562 3947 716 4018 eximios
736 3947 924 4042 praestanti
944 3971 1093 4041 corpore
1113 3967 1234 4019 tauros

376 4060 510 4149 Ducit,
533 4080 568 4133 et
588 4062 717 4132 intacta
735 4062 890 4133 totidem
910 4064 1043 4135 cervice
1058 4064 1236 4160 juvencas.

375 4174 486 4263 Post,
501 4175 565 4246 ubi
583 4200 682 4246 nona
703 4201 787 4248 suos
807 4176 943 4256 Aurora
963 4177 1147 4251 induxerat
1168 4197 1286 4269 ortus,

375 4289 524 4363 Inferias
541 4290 679 4384 Orphei
697 4290 828 4381 mittit,
843 4279 1049 4386 'lucumque
1069 4296 1197 4368 revisit

374 4398 447 4476 Hic
465 4430 548 4476 vero
574 4404 735 4477 subitum
755 4432 795 4478 ac
815 4408 913 4479 dictu
931 4409 1094 4480 mirabile
1114 4428 1319 4485 monstrum

374 4518 615 4612 Adspiciunt,
636 4519 826 4614 liquefacta
846 4522 963 4593 boum
984 4549 1048 4616 per
1066 4525 1197 4595 viscera
1214 4543 1295 4595 toto

374 4632 525 4714 stridere
542 4660 628 4733 apes
646 4655 770 4732 utero,
793 4623 828 4712 et
847 4639 961 4733 ruptis
981 4637 1140 4715 effervere
1159 4639 1267 4733 costis
1277 4669 1292 4753 ;⁴
