3750 6217
460 757 474 806 Ι

145 938 293 1108 j'
410 953 1511 1089 ECLOGASEXTA.

566 1247 1377 1431 SILENUS.

367 1641 560 1719 PRIMA
586 1643 770 1742 Syracosio
800 1641 943 1744 dignata
968 1644 1015 1715 eu
1039 1643 1159 1716 ludere
1181 1661 1284 1718 versu

367 1761 519 1852 Nostra,
542 1788 661 1855 neque
679 1763 819 1834 erubuit
841 1763 946 1833 silvas
965 1760 1147 1849 habitare,
1180 1759 1318 1831 Thalia.

367 1878 498 1983 Quom
520 1903 681 1950 canerem
702 1903 798 1975 reges
822 1897 857 1949 et
879 1878 1043 1972 proelia,
1067 1875 1245 1970 Cynthius
1264 1896 1389 1946 aurem

367 1991 510 2085 Vellit,
539 2011 575 2067 et
594 1994 785 2065 admonuit
804 2023 811 2061 ι
832 1994 1036 2083 Pastorem,
1064 1985 1213 2087 Tityre,
1238 1990 1385 2090 pinguis

367 2108 512 2182 Pascere
534 2128 679 2205 oportet
698 2111 801 2198 ovis,
831 2109 1029 2181 deductum
1049 2108 1164 2181 dicere
1185 2132 1337 2181 carmen.

368 2218 477 2297 Nunc
499 2252 566 2324 ego
590 2228 779 2318 (namque
800 2250 905 2319 super
928 2226 995 2296 tibi
1021 2244 1147 2315 erunt,
1175 2228 1238 2319 qui
1257 2224 1373 2296 dicere
1395 2220 1540 2310 laudes,

369 2333 490 2431 Vare,
514 2360 593 2412 tuas
613 2339 786 2435 cupiant,
810 2362 844 2415 et
863 2342 975 2413 tristia
992 2340 1144 2412 condere
1162 2341 1287 2433 bella)

368 2453 554 2554 Agrestem
572 2457 672 2528 tenui
693 2457 896 2529 meditabor
914 2457 1086 2528 arundine
1103 2455 1256 2530 Musam.

369 2567 459 2644 Non
480 2573 612 2670 injussa
632 2596 733 2643 cano.
765 2574 793 2644 si
814 2573 896 2665 quis
917 2591 1039 2642 tamen
1062 2573 1148 2644 haec
1166 2598 1340 2666 quoque,
1365 2572 1394 2643 si
1418 2570 1500 2664 quis

371 2684 510 2782 Captus
535 2712 656 2758 amore
676 2688 768 2785 leget
786 2719 794 2766 ;
815 2707 851 2760 te
870 2707 1033 2777 nostrae,
1055 2687 1176 2777 Vare,
1204 2689 1379 2782 myricae,

372 2798 576 2873 Tenemus
594 2824 704 2872 omne
725 2821 827 2874 canet
850 2830 858 2870 ι
890 2827 956 2873 nec
978 2803 1129 2874 Phoebo
1153 2803 1282 2902 gratior
1300 2804 1373 2872 ulla
1391 2818 1470 2889 est,

372 2916 497 3022 Quam
519 2916 587 2989 sibi
614 2943 704 3010 quae
724 2917 760 2988 V
763 2912 811 2989 ari
829 2918 1051 3012 praescribsit
1070 2921 1200 3017 pagina
1219 2942 1367 2989 nomen.

432 3032 597 3131 Pergite,
624 3033 787 3106 Pierides.
830 3033 998 3106 Chromis
1025 3053 1059 3106 et
1083 3035 1270 3129 Mnasylos
1295 3034 1333 3103 in
1359 3050 1460 3105 antro

373 3145 536 3220 Silenum
561 3150 662 3242 pueri
687 3174 818 3221 somno
847 3150 966 3219 videre
987 3150 1191 3248 jacentem,

373 3261 546 3335 Inflatum
566 3261 729 3334 hesterno
749 3290 879 3352 venas,
902 3283 942 3336 ut
964 3291 1129 3360 semper,
1159 3267 1308 3338 laccho:

371 3376 471 3448 Serta
490 3379 620 3469 procul
641 3396 782 3447 tantum
803 3380 911 3471 capiti
935 3378 1079 3449 delabsa
1097 3379 1290 3476 jacebant:

374 3492 422 3563 Et
441 3489 552 3588 gravis
572 3489 698 3560 adtrita
716 3489 898 3583 pendebat
922 3493 1105 3562 cantharus
1130 3516 1223 3562 ansa.

375 3604 541 3703 Adgressi
567 3604 580 3694 (
601 3627 686 3673 nam
708 3629 812 3699 saepe
834 3628 943 3675 senex
963 3630 1025 3697 spe
1046 3605 1211 3676 carminis
1231 3603 1344 3675 ambo

376 3721 552 3812 Luserat)
579 3718 745 3816 injiciunt
765 3719 851 3813 ipsis
870 3743 915 3789 ex
931 3720 1073 3790 vincula
1094 3718 1201 3791 sertis.
1345 3720 1351 3731 “

376 3836 493 3909 Addit
513 3858 550 3905 se
571 3834 731 3924 sociam,
761 3834 972 3927 timidisque
994 3835 1195 3928 supervenit
1214 3831 1350 3933 Aegle:

377 3950 512 4049 Aegle,
535 3948 716 4019 Naiadum
735 3950 999 4045 pulcherrima:
1023 3951 1173 4048 jamque
1194 3951 1332 4021 videnti

374 4063 583 4163 Sanguineis
602 4063 757 4137 frontem
790 4067 901 4136 moris
921 4065 962 4137 et'
973 4084 1137 4160 tempora
1155 4068 1281 4165 pingit.

374 4182 446 4251 Ille
461 4180 591 4250 dolum
609 4180 757 4271 ridens,
799 4179 886 4283 Quo
905 4182 1047 4252 vincula
1067 4182 1206 4254 nectitis
1230 4184 1246 4251 ?
1274 4183 1402 4275 inquit.

381 4293 518 4367 Solvite
542 4320 628 4386 me,
659 4298 791 4390 pueri:
821 4297 904 4368 satis
929 4297 977 4366 est
1002 4296 1161 4393 potuisse
1180 4299 1300 4369 videri.

382 4408 577 4499 Carmina,
608 4436 699 4504 quae
719 4410 852 4499 voltis,
879 4414 1083 4510 cognoscite
1109 4442 1117 4480 ι
1145 4416 1300 4485 carmina
1324 4413 1459 4492 vobis;

383 4523 480 4596 Huic
500 4525 599 4597 aliud
616 4526 788 4598 mercedis
810 4526 874 4597 erit
894 4556 901 4594 :
931 4528 1038 4599 simul
1060 4530 1188 4623 incipit
1207 4531 1293 4624 ipse.

383 4638 484 4713 Tum
500 4665 584 4716 vero
603 4643 642 4715 in
659 4666 852 4716 numerum
873 4641 1088 4738 Faunosque
1108 4644 1268 4740 serasque
1285 4644 1420 4720 videres
