3750 6217
557 709 1007 808 Aruernos
1063 715 1112 790 x.
1168 727 1354 809 ern:

396 878 480 971 Jam
504 881 618 981 gravis
638 880 815 975 aequabat
835 883 954 953 luctus
976 899 1010 953 et
1031 901 1157 953 mutua
1177 880 1322 953 Mavors
1366 947 1369 954 .
1424 916 1439 950 .’

343 995 482 1068 Funera
506 1026 513 1065 :
546 996 742 1069 caedebant
761 996 889 1091 pariter
908 997 1110 1090 pariterque
1129 995 1281 1067 ruebant

345 1112 512 1184 Victores
532 1112 692 1205 victique
717 1138 726 1179 r
755 1134 874 1201 neque
894 1111 949 1181 his
969 1110 1054 1209 fuga
1074 1128 1182 1200 nota,
1204 1134 1324 1204 neque
1342 1110 1426 1185 iilis.

344 1226 406 1297 Dii
421 1226 525 1316 Jovis
546 1223 707 1297 intectis
727 1226 816 1296 iram
834 1225 1048 1297 miserantur
1068 1225 1216 1297 inanem

341 1340 573 1429 Amborum,
598 1359 633 1409 et
652 1356 773 1410 tantos
793 1340 1008 1412 mortalibus
1028 1365 1103 1412 esse
1120 1339 1272 1412 labores.

342 1456 439 1527 Hinc
456 1454 606 1542 Venus,
626 1454 712 1523 hinc
729 1472 853 1524 contra
871 1472 1007 1546 spectat
1026 1452 1184 1526 Saturnia
1201 1454 1322 1544 Juno:

345 1570 485 1642 Pallida
505 1569 711 1663 Tisiphone
727 1567 849 1640 media
866 1568 957 1640 inter
975 1570 1091 1639 millia
1111 1570 1229 1640 saevit.

343 1684 392 1756 At
408 1711 492 1756 vero
514 1686 699 1781 ingentem
720 1682 884 1776 quatiens
903 1682 1103 1756 Mezentius
1121 1684 1261 1756 hastam

343 1799 531 1871 Turbidus
550 1797 746 1895 ingreditur
765 1821 923 1891 campo:
954 1823 1067 1891 quam
1084 1823 1238 1897 magnus
1255 1798 1398 1889 Orion,

344 1913 474 2019 Quom
492 1914 604 2008 pedes
624 1912 779 2000 incedit,
799 1911 913 1987 medii
929 1938 994 2007 per
1012 1937 1184 1994 maxuma
1204 1911 1311 1984 Nerei

342 2027 472 2127 Stagna
491 2030 590 2097 viam
609 2027 799 2116 scindens,
820 2027 973 2099 humero
995 2028 1237 2122 supereminet
1255 2028 1397 2110 undeet

341 2142 414 2215 Aut
432 2143 585 2215 summis
600 2140 752 2214 referens
771 2165 947 2222 annosam
962 2143 1152 2215 montibus
1170 2166 1323 2233 ornum,

342 2257 617 2357 ingrediturque
637 2259 739 2346 solo,
760 2274 796 2327 et
812 2277 921 2350 caput
940 2259 1032 2330 inter
1051 2257 1175 2336 nubila
1195 2257 1345 2342 condit:

340 2370 443 2445 Talis
462 2398 498 2445 se
516 2372 625 2444 vastis
642 2371 747 2442 infert
765 2369 963 2446 Mezentius
983 2372 1100 2443 armis.

340 2487 439 2558 Huic
457 2506 581 2558 contra
599 2487 760 2575 Aeneas,
782 2486 987 2579 speculatus
1007 2486 1045 2556 in
1063 2487 1207 2584 agmine
1224 2488 1360 2587 longo,

275 2677 278 2684 ,
340 2603 485 2674 Obvius
506 2604 554 2673 ire
572 2587 681 2698 para't.
723 2619 849 2671 manet
867 2601 1108 2695 inperterritus
1127 2602 1216 2691 iile,

340 2716 495 2789 Hostem
513 2718 790 2815 magnanimum
810 2716 1028 2810 opperiens,
1052 2733 1088 2787 et
1104 2718 1205 2787 mole
1225 2742 1287 2789 sua
1308 2734 1398 2790 stat:

337 2830 462 2925 Atque
484 2833 598 2903 oculis
617 2832 778 2925 spatium
798 2854 986 2918 emensus,
1010 2847 1187 2923 qnantum
1210 2832 1292 2902 satis
1308 2832 1451 2904 hastae:

339 2945 472 3017 Dextra
491 2945 583 3015 mihi
604 2944 715 3034 deus,
738 2960 774 3015 et
792 2945 927 3033 telum,
952 2944 1055 3036 quod
1073 2944 1210 3016 missile
1230 2946 1345 3036 libro,

337 3060 446 3131 Nunc
466 3059 585 3131 adsint
606 3086 619 3153 :¹
643 3084 761 3131 noveo
780 3057 972 3154 praedonis
993 3083 1143 3153 corpote
1163 3059 1272 3154 raptis

338 3176 518 3247 Indutum
538 3175 665 3270 spoliis
684 3175 808 3268 ipsum
827 3191 885 3263 te,
908 3173 1044 3264 Lause,
1066 3191 1258 3268 tropaeum

334 3290 486 3362 Aeneae.
524 3290 632 3368 dixit:
657 3289 938 3382 stridentemque
959 3289 1101 3370 eminus
1119 3288 1259 3366 hastam

335 3407 456 3503 Injicit
475 3434 483 3474 ι
514 3405 576 3475 illa
592 3407 721 3482 volans
738 3404 861 3498 clipeo
877 3423 931 3500 est
950 3428 1116 3492 excussa,
1135 3406 1339 3499 proculque

334 3520 525 3620 Egregium
545 3519 707 3610 Antoren
727 3522 818 3590 latus
836 3519 927 3590 inter
947 3536 982 3590 et
1001 3519 1060 3588 ilia
1080 3518 1175 3616 figit:

334 3635 502 3707 Herculis
523 3633 685 3712 Antoren
704 3632 903 3723 comitem,
927 3635 993 3728 qui
1010 3634 1142 3710 missus
1161 3633 1209 3704 ah
1228 3631 1328 3731 Argis

333 3749 502 3823 Haeserat
524 3749 716 3839 Euandro,
738 3767 847 3842 atque
868 3748 959 3825 Itala
977 3747 1185 3821 consederat
1205 3746 1307 3838 urbe.¹

334 3862 505 3934 Sternitur
524 3863 651 3950 infelix
667 3865 791 3948 alieno,
806 3865 974 3952 volnere,
1000 3863 1226 3953 coelumque

334 3977 522 4071 Adspicit,
546 3996 581 4056 et
600 3975 718 4049 dulcis
736 3978 896 4049 moriens
916 3977 1152 4052 rernirriscitur
1171 3974 1295 4075 Argos.

334 4092 433 4162 Tum
455 4090 539 4184 pius,
555 4089 692 4176 Aeneas
714 4092 854 4166 hastam
867 4093 983 4188 jacit:
1012 4092 1074 4163 illa
1094 4116 1158 4184 per
1178 4091 1308 4163 orbem

332 4207 422 4277 Aere
442 4230 571 4277 cavom
591 4205 749 4298 triplici,
768 4230 834 4299 per
852 4205 954 4281 linea
969 4225 1081 4303 terga,
1103 4205 1289 4301 tribusque

333 4319 492 4393 Transiit
510 4319 689 4406 intextrun
708 4320 816 4392 tauris
834 4345 951 4414 opus,
974 4321 1120 4413 imaque
1141 4320 1233 4392 sedit

331 4435 510 4533 inguine,
534 4435 596 4507 sed
613 4435 704 4516 vires
723 4433 826 4514 haud¹
842 4437 999 4528 pertulit
1041 4435 1143 4512 ocius
1164 4459 1292 4516 ensem

330 4550 492 4639 Aeneas,
512 4552 591 4622 viso
612 4548 788 4643 Tyrrheni
809 4551 981 4648 sanguine
999 4552 1133 4640 laetus,

1485 724 1573 808 351?
1650 767 1652 771 ·
