3750 6217
1307 850 1311 861 .
1347 769 1464 869 svn

256 986 319 1035 sua
350 959 425 1033 sede
452 959 490 1033 in
517 958 653 1033 alienam
686 960 832 1034 translati
861 978 891 1031 et
921 963 1073 1059 repetiti;
1105 982 1235 1056 quorum
1259 957 1400 1056 plerique
1433 948 1478 1030 iu¹

230 1077 474 1151 ⁸retustissimis
500 1078 683 1178 optimisque
712 1077 869 1148 codicibus
899 1077 1079 1171 neutiquam
1108 1091 1317 1172 corriperent,
1347 1073 1469 1147 beri-es

256 1192 372 1264 nudius
388 1193 518 1281 tertius,
536 1212 571 1262 ut
588 1196 701 1280 munt,
724 1188 858 1286 inserti:
874 1193 974 1288 pnuci
991 1191 1108 1289 aliquot
1123 1184 1467 1284 antiquissimafrauda

258 1308 292 1378 in
303 1306 444 1378 omnibus
454 1307 682 1406 exemplaribus
686 1307 910 1411 possessionem
925 1305 1068 1378 obtinent.
1090 1305 1218 1377 Horum
1227 1305 1467 1402 suppositionem

255 1424 334 1511 uix,
359 1439 417 1493 aut
436 1446 476 1492 ne
493 1423 550 1493 uix
568 1422 694 1518 quidem
709 1474 720 1510 ,
737 1421 917 1492 subodorari
929 1440 1004 1492 sunt
1015 1421 1198 1492 nobilissimi
1214 1420 1370 1490 editores:
1392 1419 1465 1489 illos

251 1561 313 1642 pro
333 1536 450 1635 spuriis
470 1535 669 1614 babuerunte
689 1539 721 1608 in
738 1538 817 1608 serie
839 1535 1031 1631 reliquerunt
1045 1556 1176 1623 tamen,
1202 1533 1325 1606 untionis
1339 1534 1473 1639 quidem·

259 1651 438 1738 conclusos,
457 1651 516 1722 sed
531 1654 601 1752 ipsa
620 1653 865 1751 interpunctione
887 1676 958 1721 cum
967 1653 1151 1751 propinquis
1167 1673 1329 1722 connexos.
1368 1649 1464 1763 Quae

260 1766 385 1864 quidem
405 1768 584 1838 rationalia
605 1793 639 1839 se
656 1768 837 1868 mibipaeto
859 1767 1030 1866 adprobare
1048 1786 1160 1866 potest.
1197 1765 1359 1880 Quorsum
1381 1766 1465 1835 enim

258 1906 366 1954 versus
382 1881 464 1953 male
490 1884 712 1972 cobaerentes,
734 1885 926 1982 importunos
942 1935 953 1970 ,
970 1879 1114 1979 frigidos
1136 1904 1263 1951 serrare
1287 1884 1309 1949 l
1336 1879 1468 1973 Ecquid

257 2022 444 2085 vereamur,
467 2023 507 2070 ne
523 2002 631 2100 rapido
649 1999 774 2072 vividae
786 1998 933 2068 orationis
950 1999 1001 2069 rel
1016 1998 1205 2069 narrationis
1222 1995 1356 2066 decursu
1370 1996 1465 2066 nimii

256 2112 449 2185 incalescunt
472 2114 622 2185 lectonam
644 2116 743 2185 animi
766 2118 788 2182 ι’
817 2112 910 2228 Quid
929 2139 1002 2185 uero
1027 2115 1131 2184 dicam
1155 2113 1193 2182 de
1216 2111 1391 2181 adulterino
1410 2111 1465 2181 illo

256 2252 349 2325 quem
370 2229 402 2297 in
429 2228 485 2300 Vl.
502 2231 657 2301 Aeneidos
675 2228 802 2326 infersit
819 2232 872 2299 uir
888 2233 991 2300 nescio
1010 2232 1080 2325 quis
1105 2230 1269 2313 literatus,
1293 2228 1405 2321 quique
1423 2250 1466 2297 ne

254 2345 289 2414 in
307 2341 462 2414 veteribus
481 2346 605 2440 quidem
619 2347 775 2445 impressis
791 2395 802 2431 ,
821 2345 937 2415 nedum
957 2347 990 2416 in
1011 2345 1073 2414 ullo
1089 2346 1204 2441 scripto
1229 2341 1323 2430 libro,
1342 2343 1464 2440 conspi-

257 2459 389 2528 citur?
418 2457 519 2530 Hunc
547 2487 642 2558 quum
669 2461 833 2532 retinuerit
856 2460 1034 2548 Heinsius,
1060 2485 1121 2530 non
1147 2457 1281 2556 amplius
1307 2456 1465 2551 estquod

256 2574 432 2662 miremur,
457 2599 528 2644 eum
549 2596 664 2649 ceteros
686 2601 747 2648 non
772 2577 922 2676 ejecisse,
950 2578 1006 2672 qui
1028 2578 1121 2646 unius
1141 2576 1253 2645 saltem
1278 2590 1310 2643 et
1333 2571 1463 2643 alterius

256 2690 390 2760 recentis
415 2689 529 2761 codicis
542 2692 618 2788 fide
639 2694 790 2763 nituntur.
826 2691 903 2762 Non
928 2711 1049 2762 tontum
1074 2690 1206 2762 notandi
1220 2742 1231 2778 ,
1259 2687 1318 2758 sed
1328 2712 1461 2787 prorsus

256 2804 417 2877 eximendi
428 2825 519 2878 erant
537 2832 642 2882 omnes
662 2808 710 2877 illi
726 2831 835 2877 uersus
854 2807 1016 2905 irreptitii,
1033 2809 1087 2903 qui
1093 2830 1190 2906 porro
1204 2807 1237 2874 in
1258 2803 1464 2876 baceditione

256 2919 403 2991 lectorem
420 2916 549 3016 frigore
571 2948 629 2993 suo
653 2945 715 2992 non
733 2917 863 3016 seriens.
893 2921 961 2992 Eos
986 2945 1074 2991 nemo
1102 2917 1316 3004 desiderabit,
1345 2917 1464 2987 nedum

258 3032 366 3102 abesse
390 3036 514 3104 sentiat.
554 3036 595 3105 Si
615 3036 684 3131 quis
704 3050 830 3121 mmm,
857 3035 918 3103 olio
945 3034 1054 3105 collato
1080 3034 1189 3120 libro,
1214 3056 1273 3102 cur
1293 3031 1465 3101 auctioris

258 3143 428 3233 videatur,
449 3148 529 3218 scire
548 3148 644 3234 uelit,
667 3175 707 3218 ex
731 3148 803 3217 HE
810 3148 920 3217 YNH
941 3149 1021 3218 notis
1039 3166 1070 3218 et
1092 3150 1206 3217 nostris
1228 3147 1323 3215 etiam
1342 3145 1462 3235 discet,

259 3258 412 3332 damnum
431 3258 646 3358 illudficisie,
675 3288 735 3360 quo
759 3262 904 3355 Virgilius
912 3259 1027 3360 factus
1036 3259 1151 3358 suerat
1169 3263 1298 3333 auctior.
1337 3259 1463 3334 XXII.

257 3398 367 3448 uersus
384 3374 433 3443 illi
449 3375 488 3446 de
502 3377 632 3447 Helena
652 3379 686 3450 in
702 3379 755 3449 11.
772 3377 948 3467 Aeneidos,
971 3403 1046 3474 quos
1057 3379 1200 3477 plerique
1217 3377 1359 3465 codices,
1377 3377 1464 3471 iique

257 3490 368 3593 optimi
391 3507 422 3560 et
441 3494 664 3582 uetustissimi,
694 3518 755 3566 non
778 3493 1000 3587 adgnoscunt,
1031 3495 1129 3565 alium
1147 3512 1334 3580 auctam,
1357 3514 1461 3585 ⁴quant

261 3605 425 3698 Virgilium
447 3609 574 3706 ipsum,
599 3609 710 3680 babere
730 3634 793 3681 non
809 3627 952 3709 possunt.
992 3611 1061 3680 Sed
1078 3610 1146 3679 illos
1166 3609 1269 3695 Posito,
1283 3607 1346 3707 ipse
1364 3604 1460 3679 indu·

256 3722 340 3794 trisse
362 3720 490 3793 ridetur
508 3724 595 3794 baud
612 3726 791 3813 immerito,
811 3743 967 3821 totamque
989 3724 1070 3796 bone
1088 3727 1299 3796 narrationem
1322 3742 1461 3796 retexero

256 3836 413 3924 uoluisse,
437 3856 473 3909 ut
492 3863 563 3913 cum
580 3840 619 3910 iis
637 3843 823 3933 consentiret
836 3866 915 3937 quae
930 3840 1024 3911 aliter
1041 3842 1079 3913 de
1097 3839 1241 3912 Helenae
1250 3834 1336 3934 fatis
1348 3855 1464 3937 posteo.

257 3975 388 4022 exorsus
397 3948 513 4050 fuerat
533 3956 567 4025 in
590 3957 744 4026 Aeneidos
770 3957 826 4027 Vl.
849 3956 908 4025 sed
925 3955 1018 4055 bujus
1038 3957 1101 4026 loci
1122 3955 1393 4041 emendationem,
1424 3971 1466 4025 ut.

257 4068 352 4138 totius
363 4069 519 4168 palmatis
541 4070 786 4158 absoludonm,
814 4096 899 4141 mors
918 4073 1091 4170 occupauit.
1133 4070 1335 4187 Quapropter
1351 4092 1460 4144 uersus

256 4182 327 4259 illas
348 4185 449 4283 typis,
474 4187 529 4282 qui
547 4186 657 4256 Aldini
671 4187 724 4258 uel
738 4185 850 4258 Italici
858 4186 1082 4286 perhibentur,
1101 4186 1217 4257 excudi
1223 4182 1375 4282 fecimus.

314 4297 392 4370 Non
414 4316 517 4371 tomen
541 4302 590 4371 illi
606 4301 667 4371 soli
678 4354 689 4390 ,
714 4328 790 4399 quos
810 4305 1021 4391 resecuimus,
1049 4304 1180 4390 versus,
1203 4302 1330 4394 indigni
1349 4315 1457 4389 erant,

257 4417 314 4512 qui
332 4416 417 4485 inter
444 4416 629 4510 Virgilianos
655 4435 861 4489 censerentur.
900 4418 987 4489 Sunt
1011 4420 1092 4487 enim
1107 4436 1238 4518 praeter
1253 4418 1323 4487 illos
1343 4418 1462 4511 aliquot

258 4529 316 4599 alii
323 4583 333 4616 ‚
354 4555 485 4625 quonum
498 4533 531 4603 in
546 4533 667 4604 natales
684 4534 715 4603 si
732 4534 884 4627 curiosius
897 4534 1093 4629 inquisiverit
1104 4535 1239 4630 aliquis,
1256 4534 1310 4603 cui
1314 4532 1460 4635 palatum

256 4647 382 4743 sapiat,
407 4671 469 4718 non
486 4650 514 4719 is
532 4647 704 4720 Persarum
724 4667 844 4720 montes
862 4648 924 4720 sibi
942 4668 1086 4738 mereat,
1107 4668 1143 4720 ut
1157 4648 1224 4719 illos
1237 4672 1297 4746 pro
1313 4646 1461 4739 genuinis

257 4760 441 4856 adgnoscat.
479 4764 553 4835 Nec
574 4766 706 4860 utique,
727 4788 824 4863 quum
848 4762 936 4834 baud
953 4765 1052 4835 multo
1066 4783 1142 4863 post
1163 4764 1279 4834 Paisos
1299 4778 1461 4841 excessant
