3750 6217
373 825 453 900 040
569 787 1383 881 Aannlnosv1.v.r26.

371 972 570 1066 Postquam
590 957 753 1042 conlabsi
771 970 923 1057 cineres,
948 987 982 1039 et
998 967 1144 1039 flamma
1163 965 1322 1061 quievitr

370 1075 555 1181 Reliquias
571 1083 659 1155 vi'no
678 1103 713 1156 et
732 1085 895 1156 bibulam
914 1081 1029 1154 lavere
1050 1083 1232 1154 favillam:

370 1205 537 1297 Ossaque
555 1201 642 1271 lecta
659 1201 748 1271 cado
769 1199 857 1273 texit
876 1201 1082 1294 Corynaeus
1102 1211 1203 1269 aeno.

371 1319 478 1390 idem
498 1329 553 1389 ter
569 1316 688 1389 socios
705 1339 793 1411 pura
813 1315 1031 1387 'circumnrlit
1049 1314 1168 1403 unda,

371 1433 544 1532 Spargens
563 1457 640 1502 rore
660 1432 729 1503 levi
750 1449 785 1502 et
804 1453 905 1500 ramo
927 1415 1039 1501 felicis
1058 1419 1195 1501 olivae:

372 1548 620 1641 Lustravitque
638 1548 754 1636 viros,
776 1545 939 1637 dixitque
960 1545 1155 1616 novissima
1173 1545 1290 1618 verber

371 1659 419 1736 At
436 1664 518 1758 pius
535 1659 672 1735 Aeneas
692 1661 828 1761 ingenti
848 1662 947 1731 mole
969 1662 1172 1755 sepulcrum

373 1777 547 1872 Inponit,
571 1803 705 1872 suaque
725 1801 821 1848 arma
840 1761 937 1865 viru,
960 1794 1194 1869 remumque,
1212 1775 1434 1871 tubamque,

372 1893 500 1965 Monte
520 1893 587 1964 sub
608 1894 702 1964 aerio
727 1921 735 1961 :
766 1893 830 1985 qui
850 1916 947 1962 nunc
966 1889 1127 1963 Misenus
1145 1891 1189 1961 ab
1210 1893 1275 1961 illo

372 2001 535 2097 Dicitur,
558 2021 814 2106 aeternumque
832 2026 931 2078 tenet
950 2032 1013 2102 per
1032 2009 1169 2079 saecula
1186 2032 1334 2078 nomen.

429 2119 497 2195 His
517 2123 603 2195 actis
622 2148 774 2217 propere
794 2123 997 2214 exsequitur
1013 2143 1199 2217 praecepta
1218 2120 1387 2216 sibyllae

372 2239 550 2334 Spelunca
568 2241 635 2308 alta
655 2236 745 2328 fuit,
769 2257 944 2330 vastoque
965 2237 1121 2309 inmanis
1140 2238 1261 2326 hiatu,

372 2356 548 2449 Sempea,
569 2373 645 2426 tuta
663 2356 741 2424 lacu
761 2353 862 2450 nigro
881 2376 1146 2445 nemorumque
1163 2347 1315 2424 tenebris
1330 2381 1338 2422 r

373 2471 496 2575 Quam
517 2493 623 2563 super
641 2468 737 2539 haud
755 2468 849 2538 ullae
866 2456 1189 2563 poterant‘inpune
1208 2471 1370 2543 volantes

372 2583 536 2656 Tendere
557 2581 620 2655 iter
639 2584 770 2678 pennis
790 2611 799 2651 ι
828 2583 908 2654 talis
926 2607 1000 2654 sese
1020 2583 1149 2656 halitus
1168 2585 1247 2656 atris

371 2691 550 2772 Faucibus
567 2695 755 2771 effundens
774 2723 899 2793 supera
919 2698 965 2767 ad
985 2723 1144 2770 convexa
1163 2696 1304 2770 ferebat.

373 2813 537 2921 Quatuot
552 2808 610 2886 hic
629 2815 791 2909 primurn
809 2811 978 2912 nigrantis
995 2831 1089 2911 terga
1103 2817 1279 2913 juvencos

373 2929 588 3020 Constituit,
610 2927 793 3023 frontique
814 2929 963 3026 invergit
979 2930 1062 2999 vina
1082 2933 1262 3010 sacerdost

373 3045 440 3136 Et,
466 3063 627 3119 summas
647 3065 792 3141 carpens
810 3045 931 3115 media
951 3045 1042 3116 inter
1060 3058 1192 3117 cornua
1211 3066 1342 3138 saetaS,

373 3150 523 3260 ignibus
544 3162 691 3257 inponit
710 3162 834 3251 sacris,
858 3159 1032 3230 libamina
1053 3162 1191 3255 prima,

372 3274 477 3348 Voce
493 3298 626 3347 vocans
644 3276 823 3364 Hecaten,
846 3279 1025 3368 coeloque
1045 3273 1236 3371 Ereboque
1257 3291 1457 3372 potentenn

373 3388 596 3485 Supponunt
615 3392 675 3461 alii
695 3392 846 3480 cultros,
866 3389 1105 3484 tepidumque
1126 3416 1287 3465 cruorem

372 3504 580 3598 Suscipiunt
597 3506 734 3600 pateris.
776 3506 852 3599 ipse
870 3506 932 3575 atri
952 3508 1090 3577 velleris
1107 3532 1235 3605 agnam

374 3620 510 3692 Aeneas
529 3617 633 3692 matri
651 3620 895 3691 Eumenidum
914 3644 1135 3717 magnaeque
1154 3625 1265 3693 sorori

373 3735 467 3810 Ense
487 3734 585 3825 ferit,
611 3736 839 3829 sterilemque
858 3735 942 3822 tibi,
962 3736 1191 3830 Proserpina,
1213 3763 1369 3812 vaccam»

373 3850 472 3925 Tum
490 3850 613 3952 Stygio
635 3852 705 3951 regi
727 3871 917 3923 nocturnas
935 3850 1190 3943 inchoatam,

374 3968 420 4041 Et
440 3970 554 4042 solida
574 3969 719 4063 inponit
736 3983 919 4037 taurorum
939 3968 1068 4038 tiscera
1086 3967 1266 4061 flammis,

374 4083 510 4183 Pingue
530 4108 635 4178 snper
655 4085 778 4154 oleum
799 4078 992 4155 infundens
1011 4072 1214 4159 ardentibus
1231 4090 1332 4161 extis

373 4199 463 4270 Ecce
485 4217 622 4287 autem,
643 4199 751 4293 primi
773 4198 840 4270 sub
858 4198 996 4269 lumina
1017 4200 1101 4272 solis
1121 4221 1155 4273 et
1175 4223 1295 4293 ortus,

372 4312 448 4385 Sub
469 4309 622 4408 pedibus
641 4314 777 4412 mugire
798 4317 936 4404 solum,
960 4335 995 4386 et
1009 4319 1093 4415 juga
1112 4337 1240 4411 coepta
1259 4319 1397 4391 moveri

372 4428 568 4518 Silvarum,
585 4428 751 4525 visaeque
771 4456 874 4504 canes
891 4432 1026 4502 ululare
1046 4459 1109 4526 per
1127 4434 1317 4520 umbram,

373 4543 598 4618 Adventante
621 4541 696 4618 dea.
734 4541 933 4636 Proculo,
955 4550 1082 4642 procul
1102 4567 1194 4638 este,
1218 4550 1383 4645 profani,

255 4677 257 4682 '
371 4659 586 4746 Conclamat
604 4683 721 4756 vates,
743 4679 899 4759 totoque
918 4663 1076 4738 absistite
1096 4654 1204 4736 lucer
