3750 6217
462 729 912 829 AENEIDQS
967 737 1016 829 V,
1073 762 1106 813 v.
1154 762 1245 835 292,
1372 762 1471 830 «215.

251 908 385 995 Invitat
404 907 526 1003 pretiis
546 908 713 996 animos,
735 925 772 979 et
792 907 950 1001 praemia
967 906 1082 1001 ponit.

251 1023 424 1117 Undique
444 1024 665 1095 conveniunt
683 1022 831 1113 Teucri,
849 1022 1029 1114 mixtique
1045 1018 1188 1110 Sicani,

236 1139 361 1210 *Nisus
378 1155 413 1208 et
432 1134 605 1232 Euryalus
622 1138 742 1235 primi.

251 1252 427 1348 Euryalus
446 1250 564 1325 forma
583 1254 756 1354 insignis,
777 1252 957 1347 viridique
971 1254 1117 1350 juventa
1132 1280 1142 1321 a

252 1368 364 1441 Nisus
382 1393 505 1440 amore
522 1370 589 1463 pio
609 1368 720 1465 pueri.
756 1392 852 1462 quos
871 1366 1004 1440 deinde
1021 1384 1161 1439 secutus

253 1482 388 1582 Regius
405 1485 541 1583 egregia
555 1484 687 1555 Priami
707 1484 753 1557 de
773 1484 880 1578 stirpe
898 1482 1034 1554 Diores

251 1598 363 1686 Hunc
380 1596 516 1690 Salius,
539 1600 648 1672 simul
667 1618 703 1672 et
722 1597 879 1670 Patron:
909 1623 1069 1691 quorum
1088 1597 1174 1670 alter
1192 1594 1377 1692 Acarnan,

251 1713 351 1790 Alter
368 1713 413 1787 ab
431 1714 583 1785 Arcadio
608 1714 788 1814 Tegeaeae
808 1713 978 1812 sanguine
998 1714 1121 1812 gentis.

252 1828 354 1901 Tum
373 1830 448 1900 duo
470 1828 640 1901 Trinacrii
654 1832 823 1929 juvenes,
846 1826 1028 1922 Helymus
1042 1826 1304 1924 Panopesque,

203 1982 208 1997 ·
252 1943 402 2025 Adsueti
420 1944 539 2035 silvis,
565 1946 716 2017 comites
734 1945 882 2016 senioris
899 1941 1054 2016 Acestae.

252 2059 361 2140 Multi
381 2078 578 2155 praeterea,
601 2085 694 2156 quos
714 2058 809 2131 fama
828 2058 978 2131 obscura
996 2058 1169 2131 recondit

251 2173 392 2247 Aeneas
412 2175 544 2269 quibus
561 2177 604 2255 in¹
619 2175 749 2249 mediis
767 2175 817 2248 sic
835 2173 966 2246 deinde
986 2175 1151 2246 locutus:

252 2289 423 2386 Adcipite
441 2290 528 2362 haec
548 2292 702 2381 animis,
724 2292 904 2384 laetasque
922 2288 1091 2361 advertite
1108 2309 1271 2363 mentesa

253 2403 375 2477 Nemo
397 2429 443 2476 ex
460 2406 531 2478 hoc
549 2430 701 2478 numero
721 2406 813 2477 mihi
830 2430 908 2476 non
928 2404 1087 2477 donatus
1102 2403 1227 2485 abibit.

252 2517 392 2595 Gnosia
410 2520 497 2590 bina
514 2520 610 2592 dabo
632 2522 748 2595 levato
768 2519 887 2591 lucida
906 2520 1000 2592 ferro

254 2632 418 2729 Spicula,
438 2636 683 2730 caelatamque
702 2654 844 2736 argento
864 2634 951 2707 ferre
970 2634 1177 2729 bipennem.

225 2766 228 2771 ·
254 2748 441 2822 Omnibus
459 2751 548 2822 hicc’
567 2754 631 2824 erit
647 2777 743 2823 unus
760 2752 890 2822 honos.
927 2769 996 2822 tres
1014 2751 1174 2844 praemla
1194 2751 1304 2844 primi

253 2860 473 2958 Adcipient,
496 2863 660 2959 flavaque
678 2884 788 2961 caput
807 2884 991 2936 nectentur
1008 2866 1115 2937 oliva.

254 2975 398 3050 Primus
415 3003 554 3073 equom
571 2982 726 3076 phaleris
745 2981 923 3078 insignem
941 2980 1054 3051 victor
1070 2978 1222 3051 habeto:

255 3090 354 3185 Alter
368 3092 604 3165 Amazoniam
623 3096 845 3189 pharetram,
864 3096 1089 3189 plenamque.
1103 3093 1238 3192 sagittis

255 3206 455 3298 Tlrreiciis,
481 3210 556 3280 lato
573 3234 685 3304 quam
704 3209 1004 3303 circumplectitur
1021 3233 1110 3283 auro.

255 3321 418 3413 Balteus,
440 3326 593 3396 et-tereti
612 3324 790 3398 subnectit
807 3322 920 3395 fibula
939 3347 1091 3422 gemma.

255 3436 400 3511 Tertius
418 3437 582 3536 Argolica
601 3441 668 3512 hac
687 3441 786 3539 galea
804 3456 995 3511 contentus
1012 3437 1126 3520 abito,

255 3551 355 3625 Haec
374 3553 439 3625 ubi
456 3551 570 3645 dicta,
592 3557 718 3626 locum
737 3555 902 3650 capiunt,
923 3553 1101 3652 signoque
1119 3573 1268 3650 repente
1356 3621 1360 3630 .

256 3667 477 3762 Concipiunt
496 3670 609 3763 spatia
628 3670 777 3760 audito,
799 3670 987 3762 limenque
1006 3667 1236 3763 relinquunt,

255 3782 367 3855 Effusi
385 3781 514 3853 nimbo
534 3784 667 3858 similes
687 3812 697 3854 ι
725 3785 839 3858 simui
855 3783 984 3855 ultima
1003 3784 1153 3882 signant.
1300 3801 1303 3804 ’
1357 3866 1360 3872 ,

257 3896 398 3969 Primus
417 3897 511 3985 abit,
533 3898 714 3997 longeque
728 3918 811 3971 aute
831 3897 956 3972 omn'n
975 3921 1128 3992 corpora
1144 3895 1253 3975 Nisus

257 4011 417 4101 Emicat,
439 4029 476 4084 et
493 4013 609 4085 ventis
628 4032 663 4085 et
681 4013 845 4087 fulminis
862 4013 963 4085 ocior
978 4012 1053 4086 alis

258 4126 464 4205 Proxumus
481 4126 588 4216 huic,
608 4129 720 4226 longo
742 4128 805 4200 sed
823 4151 1025 4224 proxumus
1044 4127 1257 4222 intervallo,

256 4239 465 4334 Insequitur
482 4238 597 4314 Salius
620 4269 631 4310 ι
657 4243 774 4338 spatio
793 4262 880 4338 post
898 4242 1030 4328 deinde
1044 4244 1169 4327 relicto

258 4355 403 4429 Tertius
421 4355 604 4452 Euryalus.

259 4469 529 4568 Euryalumque
546 4471 723 4570 Helymus
743 4476 930 4572 sequiturr
961 4500 1037 4570 quo
1054 4476 1187 4550 deinde
1204 4476 1273 4552 sub
1293 4477 1377 4574 ipso

258 4585 351 4659 Ecce
368 4589 489 4684 volat,
512 4589 720 4688 calcemque
730 4583 818 4671 'terit
829 4595 909 4695 jam
926 4593 1022 4672 calce
1038 4588 1186 4688 Diores,
