<?xml version="1.0" encoding="UTF-8"?>
<!DOCTYPE html PUBLIC "-//W3C//DTD XHTML 1.0 Transitional//EN"
    "http://www.w3.org/TR/xhtml1/DTD/xhtml1-transitional.dtd">
<html xmlns="http://www.w3.org/1999/xhtml" xml:lang="en" lang="en">
 <head>
  <title>
</title>
<meta http-equiv="Content-Type" content="text/html;charset=utf-8" />
  <meta name='ocr-system' content='tesseract 3.04.00' />
  <meta name='ocr-capabilities' content='ocr_page ocr_carea ocr_par ocr_line ocrx_word'/>
</head>
<body>
  <div class='ocr_page' id='page_1' title='image "./publiivirgiliim00brungoog_0419.png"; bbox 0 0 3750 6217; ppageno 0'>
   <div class='ocr_carea' id='block_1_1' title="bbox 370 758 1457 856">
    <p class='ocr_par' dir='ltr' id='par_1_1' title="bbox 370 758 1457 856">
     <span class='ocr_line' id='line_1_1' title="bbox 370 758 1457 856; baseline 0.002 -23"><span class='ocrx_word' id='word_1_1' title='bbox 370 758 869 834; x_wconf 80' lang='lat' dir='ltr'>&#39;AENEIDOS</span> <span class='ocrx_word' id='word_1_2' title='bbox 925 760 1042 836; x_wconf 76' lang='lat' dir='ltr'>xri.</span> <span class='ocrx_word' id='word_1_3' title='bbox 1101 787 1134 847; x_wconf 69' lang='grc' dir='ltr'>ν,</span> <span class='ocrx_word' id='word_1_4' title='bbox 1183 763 1275 835; x_wconf 77' lang='lat'>821.</span> <span class='ocrx_word' id='word_1_5' title='bbox 1377 783 1457 856; x_wconf 75' lang='lat'>415</span> 
     </span>
    </p>
   </div>
   <div class='ocr_carea' id='block_1_2' title="bbox 118 922 1326 4727">
    <p class='ocr_par' dir='ltr' id='par_1_2' title="bbox 160 922 1326 2992">
     <span class='ocr_line' id='line_1_2' title="bbox 245 922 1135 1027; baseline 0.002 -31"><span class='ocrx_word' id='word_1_6' title='bbox 245 922 304 1002; x_wconf 73' lang='lat' dir='ltr'>Ne,</span> <span class='ocrx_word' id='word_1_7' title='bbox 319 943 423 1000; x_wconf 85' lang='lat' dir='ltr'>vetus</span> <span class='ocrx_word' id='word_1_8' title='bbox 443 929 630 1027; x_wconf 87' lang='lat' dir='ltr'>indigenas</span> <span class='ocrx_word' id='word_1_9' title='bbox 648 951 786 1012; x_wconf 87' lang='lat' dir='ltr'>nomen</span> <span class='ocrx_word' id='word_1_10' title='bbox 806 947 942 1000; x_wconf 89' lang='lat' dir='ltr'>mutare</span> <span class='ocrx_word' id='word_1_11' title='bbox 964 926 1135 1017; x_wconf 81' lang='lat' dir='ltr'>Latinos,</span> 
     </span>
     <span class='ocr_line' id='line_1_3' title="bbox 244 1040 1147 1142; baseline 0.002 -32"><span class='ocrx_word' id='word_1_12' title='bbox 244 1040 327 1113; x_wconf 88' lang='lat' dir='ltr'>Neu</span> <span class='ocrx_word' id='word_1_13' title='bbox 348 1042 462 1131; x_wconf 77' lang='lat' dir='ltr'>Troas</span> <span class='ocrx_word' id='word_1_14' title='bbox 483 1044 557 1115; x_wconf 85' lang='lat' dir='ltr'>fieri</span> <span class='ocrx_word' id='word_1_15' title='bbox 572 1044 721 1142; x_wconf 78' lang='lat' dir='ltr'>jubeas,</span> <span class='ocrx_word' id='word_1_16' title='bbox 743 1042 980 1138; x_wconf 82' lang='lat' dir='ltr'>Teucrosque</span> <span class='ocrx_word' id='word_1_17' title='bbox 991 1042 1113 1132; x_wconf 73' lang='lat' dir='ltr'>vqcari</span> <span class='ocrx_word' id='word_1_18' title='bbox 1121 1073 1147 1129; x_wconf 51' lang='grc' dir='ltr'>ἔ-</span> 
     </span>
     <span class='ocr_line' id='line_1_4' title="bbox 241 1158 1249 1250; baseline 0.003 -22"><span class='ocrx_word' id='word_1_19' title='bbox 241 1158 317 1230; x_wconf 86' lang='lat' dir='ltr'>Aut</span> <span class='ocrx_word' id='word_1_20' title='bbox 335 1183 466 1232; x_wconf 89' lang='lat' dir='ltr'>vocem</span> <span class='ocrx_word' id='word_1_21' title='bbox 487 1161 766 1249; x_wconf 68' lang='lat' dir='ltr'>mutaremus,</span> <span class='ocrx_word' id='word_1_22' title='bbox 794 1180 854 1232; x_wconf 90' lang='lat' dir='ltr'>aut</span> <span class='ocrx_word' id='word_1_23' title='bbox 872 1179 1005 1231; x_wconf 87' lang='lat' dir='ltr'>vertere</span> <span class='ocrx_word' id='word_1_24' title='bbox 1024 1174 1171 1248; x_wconf 67' lang='lat' dir='ltr'>vestem,</span> <span class='ocrx_word' id='word_1_25' title='bbox 1245 1242 1249 1250; x_wconf 41' lang='grc'>,</span> 
     </span>
     <span class='ocr_line' id='line_1_5' title="bbox 243 1255 1255 1373; baseline 0.003 -31"><span class='ocrx_word' id='word_1_26' title='bbox 243 1271 296 1343; x_wconf 88' lang='lat' dir='ltr'>Sit</span> <span class='ocrx_word' id='word_1_27' title='bbox 313 1273 459 1345; x_wconf 82' lang='lat' dir='ltr'>Latium</span> <span class='ocrx_word' id='word_1_28' title='bbox 482 1304 493 1352; x_wconf 72' lang='lat' dir='ltr'>a</span> <span class='ocrx_word' id='word_1_29' title='bbox 521 1277 593 1348; x_wconf 91' lang='lat' dir='ltr'>sint</span> <span class='ocrx_word' id='word_1_30' title='bbox 611 1275 743 1347; x_wconf 86' lang='lat' dir='ltr'>Albani</span> <span class='ocrx_word' id='word_1_31' title='bbox 763 1302 827 1371; x_wconf 85' lang='lat' dir='ltr'>per</span> <span class='ocrx_word' id='word_1_32' title='bbox 848 1278 984 1348; x_wconf 86' lang='lat' dir='ltr'>saecula</span> <span class='ocrx_word' id='word_1_33' title='bbox 1003 1298 1119 1373; x_wconf 90' lang='lat' dir='ltr'>reges:</span> <span class='ocrx_word' id='word_1_34' title='bbox 1246 1255 1255 1276; x_wconf 59' lang='lat'>⁸</span> 
     </span>
     <span class='ocr_line' id='line_1_6' title="bbox 243 1388 1098 1489; baseline 0.001 -31"><span class='ocrx_word' id='word_1_35' title='bbox 243 1388 294 1458; x_wconf 91' lang='lat' dir='ltr'>Sit</span> <span class='ocrx_word' id='word_1_36' title='bbox 315 1389 482 1483; x_wconf 74' lang='lat' dir='ltr'>Romana</span> <span class='ocrx_word' id='word_1_37' title='bbox 504 1412 634 1485; x_wconf 87' lang='lat' dir='ltr'>potens</span> <span class='ocrx_word' id='word_1_38' title='bbox 656 1390 744 1479; x_wconf 79' lang='lat' dir='ltr'>Itala</span> <span class='ocrx_word' id='word_1_39' title='bbox 763 1393 889 1464; x_wconf 86' lang='lat' dir='ltr'>virtute</span> <span class='ocrx_word' id='word_1_40' title='bbox 909 1416 1098 1489; x_wconf 79' lang='lat' dir='ltr'>propago:</span> 
     </span>
     <span class='ocr_line' id='line_1_7' title="bbox 243 1495 1198 1603; baseline 0.006 -29"><span class='ocrx_word' id='word_1_41' title='bbox 243 1505 404 1595; x_wconf 86' lang='lat' dir='ltr'>Occidit,</span> <span class='ocrx_word' id='word_1_42' title='bbox 431 1495 674 1603; x_wconf 85' lang='lat' dir='ltr'>occideritque</span> <span class='ocrx_word' id='word_1_43' title='bbox 695 1509 788 1581; x_wconf 90' lang='lat' dir='ltr'>sinas</span> <span class='ocrx_word' id='word_1_44' title='bbox 805 1534 888 1580; x_wconf 89' lang='lat' dir='ltr'>cum</span> <span class='ocrx_word' id='word_1_45' title='bbox 909 1508 1060 1579; x_wconf 89' lang='lat' dir='ltr'>nomine</span> <span class='ocrx_word' id='word_1_46' title='bbox 1077 1505 1198 1581; x_wconf 79' lang='lat' dir='ltr'>Troia.</span> 
     </span>
     <span class='ocr_line' id='line_1_8' title="bbox 243 1620 1146 1719; baseline 0.004 -29"><span class='ocrx_word' id='word_1_47' title='bbox 243 1620 322 1691; x_wconf 85' lang='lat' dir='ltr'><strong>Olli</strong></span> <span class='ocrx_word' id='word_1_48' title='bbox 342 1622 528 1705; x_wconf 77' lang='lat' dir='ltr'>subridens</span> <span class='ocrx_word' id='word_1_49' title='bbox 546 1625 740 1706; x_wconf 83' lang='lat' dir='ltr'>hominum</span> <span class='ocrx_word' id='word_1_50' title='bbox 760 1649 953 1719; x_wconf 85' lang='lat' dir='ltr'>rerumque</span> <span class='ocrx_word' id='word_1_51' title='bbox 972 1639 1146 1717; x_wconf 81' lang='lat' dir='ltr'>repertor:</span> 
     </span>
     <span class='ocr_line' id='line_1_9' title="bbox 242 1734 1124 1836; baseline 0.006 -29"><span class='ocrx_word' id='word_1_52' title='bbox 242 1734 287 1808; x_wconf 89' lang='lat' dir='ltr'>Et</span> <span class='ocrx_word' id='word_1_53' title='bbox 306 1761 473 1835; x_wconf 89' lang='lat' dir='ltr'>germana</span> <span class='ocrx_word' id='word_1_54' title='bbox 487 1738 606 1829; x_wconf 75' lang='lat' dir='ltr'>jovis,</span> <span class='ocrx_word' id='word_1_55' title='bbox 626 1738 836 1836; x_wconf 86' lang='lat' dir='ltr'>Saturnique</span> <span class='ocrx_word' id='word_1_56' title='bbox 856 1743 962 1813; x_wconf 81' lang='lat' dir='ltr'>altera</span> <span class='ocrx_word' id='word_1_57' title='bbox 980 1738 1124 1835; x_wconf 88' lang='lat' dir='ltr'>proles,</span> 
     </span>
     <span class='ocr_line' id='line_1_10' title="bbox 242 1850 1084 1951; baseline 0.006 -31"><span class='ocrx_word' id='word_1_58' title='bbox 242 1850 379 1926; x_wconf 86' lang='lat' dir='ltr'>Irarum</span> <span class='ocrx_word' id='word_1_59' title='bbox 401 1871 523 1939; x_wconf 76' lang='lat' dir='ltr'>tantos</span> <span class='ocrx_word' id='word_1_60' title='bbox 536 1857 653 1929; x_wconf 87' lang='lat' dir='ltr'>volvis</span> <span class='ocrx_word' id='word_1_61' title='bbox 673 1856 740 1945; x_wconf 78' lang='lat' dir='ltr'>sub</span> <span class='ocrx_word' id='word_1_62' title='bbox 759 1876 904 1951; x_wconf 85' lang='lat' dir='ltr'>pectore</span> <span class='ocrx_word' id='word_1_63' title='bbox 924 1854 1084 1926; x_wconf 87' lang='lat' dir='ltr'>fluctus?</span> 
     </span>
     <span class='ocr_line' id='line_1_11' title="bbox 240 1964 1270 2084; baseline 0.007 -47"><span class='ocrx_word' id='word_1_64' title='bbox 240 1964 380 2039; x_wconf 90' lang='lat' dir='ltr'>Verum</span> <span class='ocrx_word' id='word_1_65' title='bbox 401 1996 485 2069; x_wconf 81' lang='lat' dir='ltr'>age,</span> <span class='ocrx_word' id='word_1_66' title='bbox 511 1990 546 2043; x_wconf 92' lang='lat' dir='ltr'>et</span> <span class='ocrx_word' id='word_1_67' title='bbox 566 1972 750 2069; x_wconf 89' lang='lat' dir='ltr'>inceptum</span> <span class='ocrx_word' id='word_1_68' title='bbox 771 1967 892 2084; x_wconf 65' lang='lat' dir='ltr'>frustra</span> <span class='ocrx_word' id='word_1_69' title='bbox 911 1970 1083 2048; x_wconf 85' lang='lat' dir='ltr'>submitte</span> <span class='ocrx_word' id='word_1_70' title='bbox 1103 1968 1270 2062; x_wconf 74' lang='lat' dir='ltr'>furorem.</span> 
     </span>
     <span class='ocr_line' id='line_1_12' title="bbox 239 2080 1279 2183; baseline -0.002 -21"><span class='ocrx_word' id='word_1_71' title='bbox 239 2080 325 2174; x_wconf 87' lang='lat' dir='ltr'>Do,</span> <span class='ocrx_word' id='word_1_72' title='bbox 349 2085 451 2179; x_wconf 91' lang='lat' dir='ltr'>quod</span> <span class='ocrx_word' id='word_1_73' title='bbox 470 2088 541 2166; x_wconf 82' lang='lat' dir='ltr'>vis;</span> <span class='ocrx_word' id='word_1_74' title='bbox 564 2107 599 2161; x_wconf 90' lang='lat' dir='ltr'>et</span> <span class='ocrx_word' id='word_1_75' title='bbox 618 2114 678 2160; x_wconf 90' lang='lat' dir='ltr'>me</span> <span class='ocrx_word' id='word_1_76' title='bbox 697 2089 883 2183; x_wconf 73' lang='lat' dir='ltr'>&#39;victusque</span> <span class='ocrx_word' id='word_1_77' title='bbox 904 2089 1104 2181; x_wconf 81' lang='lat' dir='ltr'>vqlensque</span> <span class='ocrx_word' id='word_1_78' title='bbox 1124 2089 1279 2180; x_wconf 77' lang='lat' dir='ltr'>remitto,</span> 
     </span>
     <span class='ocr_line' id='line_1_13' title="bbox 239 2195 1234 2299; baseline 0.003 -30"><span class='ocrx_word' id='word_1_79' title='bbox 239 2195 454 2284; x_wconf 77' lang='lat' dir='ltr'>Sermonem</span> <span class='ocrx_word' id='word_1_80' title='bbox 474 2201 628 2276; x_wconf 88' lang='lat' dir='ltr'>Ausonii</span> <span class='ocrx_word' id='word_1_81' title='bbox 648 2206 807 2298; x_wconf 61' lang='lat' dir='ltr'>patrium,</span> <span class='ocrx_word' id='word_1_82' title='bbox 823 2228 1018 2299; x_wconf 86' lang='lat' dir='ltr'>moresque</span> <span class='ocrx_word' id='word_1_83' title='bbox 1036 2202 1234 2283; x_wconf 87' lang='lat' dir='ltr'>tenebunt;</span> 
     </span>
     <span class='ocr_line' id='line_1_14' title="bbox 240 2312 1270 2412; baseline 0.003 -26"><span class='ocrx_word' id='word_1_84' title='bbox 240 2312 361 2408; x_wconf 89' lang='lat' dir='ltr'>thue</span> <span class='ocrx_word' id='word_1_85' title='bbox 382 2335 459 2405; x_wconf 88' lang='lat' dir='ltr'>est,</span> <span class='ocrx_word' id='word_1_86' title='bbox 482 2343 620 2410; x_wconf 83' lang='lat' dir='ltr'>nomen</span> <span class='ocrx_word' id='word_1_87' title='bbox 641 2321 702 2392; x_wconf 87' lang='lat' dir='ltr'>erit</span> <span class='ocrx_word' id='word_1_88' title='bbox 725 2348 732 2389; x_wconf 74' lang='grc' dir='ltr'><strong>ι</strong></span> <span class='ocrx_word' id='word_1_89' title='bbox 763 2321 942 2412; x_wconf 79' lang='lat' dir='ltr'>conmixti</span> <span class='ocrx_word' id='word_1_90' title='bbox 959 2341 1108 2412; x_wconf 78' lang='lat' dir='ltr'>corpore</span> <span class='ocrx_word' id='word_1_91' title='bbox 1127 2336 1270 2391; x_wconf 87' lang='lat' dir='ltr'>tantum</span> 
     </span>
     <span class='ocr_line' id='line_1_15' title="bbox 238 2428 1156 2527; baseline 0.005 -27"><span class='ocrx_word' id='word_1_92' title='bbox 238 2428 435 2501; x_wconf 87' lang='lat' dir='ltr'>Subsident</span> <span class='ocrx_word' id='word_1_93' title='bbox 454 2432 595 2518; x_wconf 73' lang='lat' dir='ltr'>Teucri.</span> <span class='ocrx_word' id='word_1_94' title='bbox 633 2459 774 2505; x_wconf 84' lang='lat' dir='ltr'>morem</span> <span class='ocrx_word' id='word_1_95' title='bbox 794 2435 954 2527; x_wconf 90' lang='lat' dir='ltr'>ritusque</span> <span class='ocrx_word' id='word_1_96' title='bbox 975 2457 1156 2512; x_wconf 84' lang='lat' dir='ltr'>sacrorum</span> 
     </span>
     <span class='ocr_line' id='line_1_16' title="bbox 238 2543 1150 2643; baseline 0.004 -28"><span class='ocrx_word' id='word_1_97' title='bbox 238 2543 433 2643; x_wconf 86' lang='lat' dir='ltr'>Adjiciam,</span> <span class='ocrx_word' id='word_1_98' title='bbox 457 2546 659 2643; x_wconf 76' lang='lat' dir='ltr'>faciamque</span> <span class='ocrx_word' id='word_1_99' title='bbox 676 2550 801 2627; x_wconf 87' lang='lat' dir='ltr'>omnis.</span> <span class='ocrx_word' id='word_1_100' title='bbox 814 2574 889 2620; x_wconf 89' lang='lat' dir='ltr'>uno</span> <span class='ocrx_word' id='word_1_101' title='bbox 912 2573 976 2621; x_wconf 89' lang='lat' dir='ltr'>ore.</span> <span class='ocrx_word' id='word_1_102' title='bbox 993 2546 1150 2622; x_wconf 82' lang='lat' dir='ltr'>Latinos.</span> 
     </span>
     <span class='ocr_line' id='line_1_17' title="bbox 176 2660 1326 2765; baseline 0.004 -35"><span class='ocrx_word' id='word_1_103' title='bbox 176 2715 180 2720; x_wconf 85' lang='lat'>.</span> <span class='ocrx_word' id='word_1_104' title='bbox 235 2660 332 2732; x_wconf 90' lang='lat' dir='ltr'>Hinc</span> <span class='ocrx_word' id='word_1_105' title='bbox 353 2687 488 2761; x_wconf 84' lang='lat' dir='ltr'>genus,</span> <span class='ocrx_word' id='word_1_106' title='bbox 511 2664 674 2738; x_wconf 80' lang='lat' dir='ltr'>Ausonio</span> <span class='ocrx_word' id='word_1_107' title='bbox 698 2666 856 2737; x_wconf 82' lang='lat' dir='ltr'>mixtum</span> <span class='ocrx_word' id='word_1_108' title='bbox 876 2664 979 2758; x_wconf 84' lang='lat' dir='ltr'>quod</span> <span class='ocrx_word' id='word_1_109' title='bbox 1001 2664 1172 2761; x_wconf 87' lang='lat' dir='ltr'>sanguine</span> <span class='ocrx_word' id='word_1_110' title='bbox 1192 2682 1326 2765; x_wconf 83' lang='lat' dir='ltr'>surget,</span> 
     </span>
     <span class='ocr_line' id='line_1_18' title="bbox 234 2774 1209 2876; baseline 0.002 -30"><span class='ocrx_word' id='word_1_111' title='bbox 234 2774 351 2873; x_wconf 88' lang='lat' dir='ltr'>Supra</span> <span class='ocrx_word' id='word_1_112' title='bbox 370 2779 563 2870; x_wconf 87' lang='lat' dir='ltr'>homines,</span> <span class='ocrx_word' id='word_1_113' title='bbox 590 2807 694 2876; x_wconf 87' lang='lat' dir='ltr'>supra</span> <span class='ocrx_word' id='word_1_114' title='bbox 714 2784 763 2863; x_wconf 75' lang='lat' dir='ltr'>ire</span> <span class='ocrx_word' id='word_1_115' title='bbox 787 2781 876 2876; x_wconf 72' lang='lat' dir='ltr'>dqos</span> <span class='ocrx_word' id='word_1_116' title='bbox 896 2781 1027 2876; x_wconf 88' lang='lat' dir='ltr'>pietate</span> <span class='ocrx_word' id='word_1_117' title='bbox 1046 2778 1209 2852; x_wconf 77' lang='lat' dir='ltr'>videbisz</span> 
     </span>
     <span class='ocr_line' id='line_1_19' title="bbox 160 2891 1147 2992; baseline 0.005 -30"><span class='ocrx_word' id='word_1_118' title='bbox 160 2897 163 2902; x_wconf 84' lang='grc'><strong>’</strong></span> <span class='ocrx_word' id='word_1_119' title='bbox 235 2891 313 2964; x_wconf 90' lang='lat' dir='ltr'>Nec</span> <span class='ocrx_word' id='word_1_120' title='bbox 335 2919 422 2992; x_wconf 87' lang='lat' dir='ltr'>gens</span> <span class='ocrx_word' id='word_1_121' title='bbox 442 2899 514 2967; x_wconf 88' lang='lat' dir='ltr'>ulia</span> <span class='ocrx_word' id='word_1_122' title='bbox 534 2917 615 2971; x_wconf 90' lang='lat' dir='ltr'>tuos</span> <span class='ocrx_word' id='word_1_123' title='bbox 635 2923 748 2992; x_wconf 85' lang='lat' dir='ltr'>aeque</span> <span class='ocrx_word' id='word_1_124' title='bbox 769 2896 963 2991; x_wconf 78' lang='lat' dir='ltr'>celebrabit</span> <span class='ocrx_word' id='word_1_125' title='bbox 981 2897 1147 2967; x_wconf 86' lang='lat' dir='ltr'>honores.</span> 
     </span>
    </p>

    <p class='ocr_par' dir='ltr' id='par_1_3' title="bbox 118 3008 1134 3224">
     <span class='ocr_line' id='line_1_20' title="bbox 118 3008 1134 3107; baseline 0.011 -29"><span class='ocrx_word' id='word_1_126' title='bbox 118 3065 121 3070; x_wconf 94' lang='lat'>.</span> <span class='ocrx_word' id='word_1_127' title='bbox 235 3008 374 3081; x_wconf 85' lang='lat' dir='ltr'>Adnuit</span> <span class='ocrx_word' id='word_1_128' title='bbox 391 3009 445 3082; x_wconf 88' lang='lat' dir='ltr'>his</span> <span class='ocrx_word' id='word_1_129' title='bbox 461 3010 583 3103; x_wconf 63' lang='lat' dir='ltr'>Juno„</span> <span class='ocrx_word' id='word_1_130' title='bbox 608 3031 644 3084; x_wconf 85' lang='lat' dir='ltr'>et</span> <span class='ocrx_word' id='word_1_131' title='bbox 659 3033 823 3105; x_wconf 82' lang='lat' dir='ltr'>mentem</span> <span class='ocrx_word' id='word_1_132' title='bbox 840 3012 967 3107; x_wconf 69' lang='lat' dir='ltr'>laetata</span> <span class='ocrx_word' id='word_1_133' title='bbox 986 3010 1134 3088; x_wconf 75' lang='lat' dir='ltr'>retorsit</span> 
     </span>
     <span class='ocr_line' id='line_1_21' title="bbox 221 3123 1093 3224; baseline 0.002 -27"><span class='ocrx_word' id='word_1_134' title='bbox 221 3123 373 3211; x_wconf 73' lang='lat' dir='ltr'>¹Interea</span> <span class='ocrx_word' id='word_1_135' title='bbox 393 3127 534 3200; x_wconf 87' lang='lat' dir='ltr'>excedit</span> <span class='ocrx_word' id='word_1_136' title='bbox 553 3131 680 3224; x_wconf 80' lang='lat' dir='ltr'>coelo,</span> <span class='ocrx_word' id='word_1_137' title='bbox 702 3128 914 3223; x_wconf 78' lang='lat' dir='ltr'>nubemque</span> <span class='ocrx_word' id='word_1_138' title='bbox 935 3125 1093 3221; x_wconf 22' lang='lat' dir='ltr'>reli-quit.</span> 
     </span>
    </p>

    <p class='ocr_par' dir='ltr' id='par_1_4' title="bbox 229 3239 1193 3575">
     <span class='ocr_line' id='line_1_22' title="bbox 290 3239 1193 3339; baseline 0.003 -31"><span class='ocrx_word' id='word_1_139' title='bbox 290 3239 358 3312; x_wconf 89' lang='lat' dir='ltr'>His</span> <span class='ocrx_word' id='word_1_140' title='bbox 379 3242 484 3331; x_wconf 89' lang='lat' dir='ltr'>actis,</span> <span class='ocrx_word' id='word_1_141' title='bbox 509 3245 612 3315; x_wconf 90' lang='lat' dir='ltr'>aliud</span> <span class='ocrx_word' id='word_1_142' title='bbox 629 3245 780 3338; x_wconf 81' lang='lat' dir='ltr'>Genitor</span> <span class='ocrx_word' id='word_1_143' title='bbox 799 3268 922 3323; x_wconf 85' lang='lat' dir='ltr'>secum</span> <span class='ocrx_word' id='word_1_144' title='bbox 939 3243 1019 3339; x_wconf 85' lang='lat' dir='ltr'>ipse</span> <span class='ocrx_word' id='word_1_145' title='bbox 1035 3244 1193 3314; x_wconf 84' lang='lat' dir='ltr'>volutat:</span> 
     </span>
     <span class='ocr_line' id='line_1_23' title="bbox 229 3353 1139 3455; baseline 0.004 -29"><span class='ocrx_word' id='word_1_146' title='bbox 229 3353 495 3453; x_wconf 88' lang='lat' dir='ltr'>Juturnamque</span> <span class='ocrx_word' id='word_1_147' title='bbox 516 3380 615 3455; x_wconf 91' lang='lat' dir='ltr'>parat</span> <span class='ocrx_word' id='word_1_148' title='bbox 633 3360 743 3433; x_wconf 84' lang='lat' dir='ltr'>fratris</span> <span class='ocrx_word' id='word_1_149' title='bbox 764 3361 944 3433; x_wconf 79' lang='lat' dir='ltr'>dimittere</span> <span class='ocrx_word' id='word_1_150' title='bbox 958 3360 1004 3432; x_wconf 86' lang='lat' dir='ltr'>ab</span> <span class='ocrx_word' id='word_1_151' title='bbox 1022 3359 1139 3436; x_wconf 84' lang='lat' dir='ltr'>armis.</span> 
     </span>
     <span class='ocr_line' id='line_1_24' title="bbox 233 3469 1137 3575; baseline 0.007 -35"><span class='ocrx_word' id='word_1_152' title='bbox 233 3469 411 3544; x_wconf 88' lang='lat' dir='ltr'>Dicuntur</span> <span class='ocrx_word' id='word_1_153' title='bbox 430 3479 593 3574; x_wconf 77' lang='lat' dir='ltr'>geminae</span> <span class='ocrx_word' id='word_1_154' title='bbox 612 3496 747 3572; x_wconf 89' lang='lat' dir='ltr'>pestes,</span> <span class='ocrx_word' id='word_1_155' title='bbox 772 3476 993 3575; x_wconf 79' lang='lat' dir='ltr'>cognomine</span> <span class='ocrx_word' id='word_1_156' title='bbox 1012 3475 1137 3566; x_wconf 80' lang='lat' dir='ltr'>Dirae,</span> 
     </span>
    </p>

    <p class='ocr_par' dir='ltr' id='par_1_5' title="bbox 232 3584 1209 3919">
     <span class='ocr_line' id='line_1_25' title="bbox 234 3584 1178 3691; baseline 0.002 -32"><span class='ocrx_word' id='word_1_157' title='bbox 234 3584 336 3691; x_wconf 78' lang='lat' dir='ltr'>Quas</span> <span class='ocrx_word' id='word_1_158' title='bbox 357 3606 392 3661; x_wconf 86' lang='lat' dir='ltr'>et</span> <span class='ocrx_word' id='word_1_159' title='bbox 411 3590 618 3678; x_wconf 83' lang='lat' dir='ltr'>Tartaream</span> <span class='ocrx_word' id='word_1_160' title='bbox 638 3592 722 3684; x_wconf 80' lang='lat' dir='ltr'>Nox</span> <span class='ocrx_word' id='word_1_161' title='bbox 742 3594 958 3688; x_wconf 79' lang='lat' dir='ltr'>intempesta</span> <span class='ocrx_word' id='word_1_162' title='bbox 977 3589 1178 3690; x_wconf 86' lang='lat' dir='ltr'>Megaeram</span> 
     </span>
     <span class='ocr_line' id='line_1_26' title="bbox 232 3699 1209 3809; baseline 0.002 -37"><span class='ocrx_word' id='word_1_163' title='bbox 232 3699 316 3775; x_wconf 92' lang='lat' dir='ltr'>Uno</span> <span class='ocrx_word' id='word_1_164' title='bbox 339 3706 546 3803; x_wconf 87' lang='lat' dir='ltr'>eodemque</span> <span class='ocrx_word' id='word_1_165' title='bbox 565 3710 649 3782; x_wconf 89' lang='lat' dir='ltr'>tulit</span> <span class='ocrx_word' id='word_1_166' title='bbox 668 3728 794 3809; x_wconf 80' lang='lat' dir='ltr'>partu,</span> <span class='ocrx_word' id='word_1_167' title='bbox 820 3708 1040 3802; x_wconf 82' lang='lat' dir='ltr'>paribusque</span> <span class='ocrx_word' id='word_1_168' title='bbox 1058 3708 1209 3776; x_wconf 81' lang='lat' dir='ltr'>revinxit</span> 
     </span>
     <span class='ocr_line' id='line_1_27' title="bbox 232 3815 1112 3919; baseline 0.006 -32"><span class='ocrx_word' id='word_1_169' title='bbox 232 3815 448 3911; x_wconf 84' lang='lat' dir='ltr'>Serpentum</span> <span class='ocrx_word' id='word_1_170' title='bbox 469 3826 592 3918; x_wconf 86' lang='lat' dir='ltr'>spiris,</span> <span class='ocrx_word' id='word_1_171' title='bbox 616 3833 854 3919; x_wconf 82' lang='lat' dir='ltr'>ventosasque</span> <span class='ocrx_word' id='word_1_172' title='bbox 874 3821 1014 3914; x_wconf 82' lang='lat' dir='ltr'>addidit</span> <span class='ocrx_word' id='word_1_173' title='bbox 1031 3823 1112 3891; x_wconf 84' lang='lat' dir='ltr'>alas.</span> 
     </span>
    </p>

    <p class='ocr_par' dir='ltr' id='par_1_6' title="bbox 128 3930 1251 4727">
     <span class='ocr_line' id='line_1_28' title="bbox 128 3930 1173 4038; baseline 0.004 -37"><span class='ocrx_word' id='word_1_174' title='bbox 128 4027 134 4038; x_wconf 18' lang='grc' dir='ltr'><strong>ἡ</strong></span> <span class='ocrx_word' id='word_1_175' title='bbox 231 3932 311 4003; x_wconf 85' lang='lat' dir='ltr'>Hae</span> <span class='ocrx_word' id='word_1_176' title='bbox 326 3930 428 4019; x_wconf 88' lang='lat' dir='ltr'>Jovis</span> <span class='ocrx_word' id='word_1_177' title='bbox 447 3939 491 4008; x_wconf 90' lang='lat' dir='ltr'>ad</span> <span class='ocrx_word' id='word_1_178' title='bbox 510 3942 667 4029; x_wconf 87' lang='lat' dir='ltr'>solium,</span> <span class='ocrx_word' id='word_1_179' title='bbox 695 3941 859 4035; x_wconf 86' lang='lat' dir='ltr'>saevique</span> <span class='ocrx_word' id='word_1_180' title='bbox 877 3938 919 4016; x_wconf 89' lang='lat' dir='ltr'>in</span> <span class='ocrx_word' id='word_1_181' title='bbox 936 3935 1063 4007; x_wconf 86' lang='lat' dir='ltr'>limine</span> <span class='ocrx_word' id='word_1_182' title='bbox 1082 3936 1173 4033; x_wconf 78' lang='lat' dir='ltr'>regis</span> 
     </span>
     <span class='ocr_line' id='line_1_29' title="bbox 231 4046 1203 4149; baseline 0.001 -28"><span class='ocrx_word' id='word_1_183' title='bbox 231 4046 440 4143; x_wconf 78' lang='lat' dir='ltr'>Adparent,</span> <span class='ocrx_word' id='word_1_184' title='bbox 463 4069 667 4147; x_wconf 80' lang='lat' dir='ltr'>acuuntque</span> <span class='ocrx_word' id='word_1_185' title='bbox 683 4075 822 4129; x_wconf 89' lang='lat' dir='ltr'>metum</span> <span class='ocrx_word' id='word_1_186' title='bbox 842 4051 1053 4126; x_wconf 84' lang='lat' dir='ltr'>mortalibus</span> <span class='ocrx_word' id='word_1_187' title='bbox 1073 4051 1203 4149; x_wconf 85' lang='lat' dir='ltr'>aegris,</span> 
     </span>
     <span class='ocr_line' id='line_1_30' title="bbox 232 4161 1251 4263; baseline 0.005 -30"><span class='ocrx_word' id='word_1_188' title='bbox 232 4161 269 4233; x_wconf 87' lang='lat' dir='ltr'>Si</span> <span class='ocrx_word' id='word_1_189' title='bbox 288 4164 435 4257; x_wconf 87' lang='lat' dir='ltr'>qnando</span> <span class='ocrx_word' id='word_1_190' title='bbox 458 4168 574 4245; x_wconf 83' lang='lat' dir='ltr'>letum</span> <span class='ocrx_word' id='word_1_191' title='bbox 589 4170 796 4242; x_wconf 84' lang='lat' dir='ltr'>horrificum</span> <span class='ocrx_word' id='word_1_192' title='bbox 814 4170 1038 4263; x_wconf 81' lang='lat' dir='ltr'>morbosque</span> <span class='ocrx_word' id='word_1_193' title='bbox 1058 4166 1171 4242; x_wconf 74' lang='lat' dir='ltr'>deum</span> <span class='ocrx_word' id='word_1_194' title='bbox 1189 4189 1251 4239; x_wconf 84' lang='lat' dir='ltr'>rex</span> 
     </span>
     <span class='ocr_line' id='line_1_31' title="bbox 230 4276 1055 4368; baseline 0.012 -21"><span class='ocrx_word' id='word_1_195' title='bbox 230 4276 404 4360; x_wconf 92' lang='lat' dir='ltr'>Molitur;</span> <span class='ocrx_word' id='word_1_196' title='bbox 430 4283 570 4361; x_wconf 85' lang='lat' dir='ltr'>meritas</span> <span class='ocrx_word' id='word_1_197' title='bbox 591 4299 652 4358; x_wconf 83' lang='lat' dir='ltr'>aut</span> <span class='ocrx_word' id='word_1_198' title='bbox 671 4284 770 4356; x_wconf 90' lang='lat' dir='ltr'>bello</span> <span class='ocrx_word' id='word_1_199' title='bbox 790 4288 923 4368; x_wconf 83' lang='lat' dir='ltr'>territat·</span> <span class='ocrx_word' id='word_1_200' title='bbox 942 4283 1055 4357; x_wconf 85' lang='lat' dir='ltr'>urbes.</span> 
     </span>
     <span class='ocr_line' id='line_1_32' title="bbox 229 4392 1226 4474; baseline 0.003 -9"><span class='ocrx_word' id='word_1_201' title='bbox 229 4392 369 4465; x_wconf 87' lang='lat' dir='ltr'>Harum</span> <span class='ocrx_word' id='word_1_202' title='bbox 388 4421 498 4469; x_wconf 88' lang='lat' dir='ltr'>unam</span> <span class='ocrx_word' id='word_1_203' title='bbox 518 4403 668 4471; x_wconf 87' lang='lat' dir='ltr'>celerem</span> <span class='ocrx_word' id='word_1_204' title='bbox 686 4400 834 4474; x_wconf 86' lang='lat' dir='ltr'>demisit</span> <span class='ocrx_word' id='word_1_205' title='bbox 853 4399 899 4472; x_wconf 87' lang='lat' dir='ltr'>ab</span> <span class='ocrx_word' id='word_1_206' title='bbox 920 4401 1057 4472; x_wconf 87' lang='lat' dir='ltr'>aethere</span> <span class='ocrx_word' id='word_1_207' title='bbox 1079 4423 1226 4471; x_wconf 90' lang='lat' dir='ltr'>summo</span> 
     </span>
     <span class='ocr_line' id='line_1_33' title="bbox 227 4509 1198 4611; baseline 0.001 -29"><span class='ocrx_word' id='word_1_208' title='bbox 227 4509 423 4609; x_wconf 76' lang='lat' dir='ltr'>Juppiter2</span> <span class='ocrx_word' id='word_1_209' title='bbox 443 4517 556 4611; x_wconf 87' lang='lat' dir='ltr'>inque</span> <span class='ocrx_word' id='word_1_210' title='bbox 575 4540 683 4587; x_wconf 90' lang='lat' dir='ltr'>omen</span> <span class='ocrx_word' id='word_1_211' title='bbox 701 4514 872 4603; x_wconf 86' lang='lat' dir='ltr'>Jntnrnae</span> <span class='ocrx_word' id='word_1_212' title='bbox 893 4540 1071 4588; x_wconf 86' lang='lat' dir='ltr'>occurrere</span> <span class='ocrx_word' id='word_1_213' title='bbox 1084 4513 1198 4611; x_wconf 85' lang='lat' dir='ltr'>jussit.</span> 
     </span>
     <span class='ocr_line' id='line_1_34' title="bbox 232 4624 1163 4727; baseline 0.008 -33"><span class='ocrx_word' id='word_1_214' title='bbox 232 4624 299 4696; x_wconf 87' lang='lat' dir='ltr'>Illa</span> <span class='ocrx_word' id='word_1_215' title='bbox 318 4630 440 4722; x_wconf 78' lang='lat' dir='ltr'>volat,</span> <span class='ocrx_word' id='word_1_216' title='bbox 464 4635 641 4727; x_wconf 86' lang='lat' dir='ltr'>celerique</span> <span class='ocrx_word' id='word_1_217' title='bbox 661 4632 707 4705; x_wconf 81' lang='lat' dir='ltr'>ad</span> <span class='ocrx_word' id='word_1_218' title='bbox 725 4650 852 4703; x_wconf 88' lang='lat' dir='ltr'>terram</span> <span class='ocrx_word' id='word_1_219' title='bbox 871 4631 1015 4702; x_wconf 87' lang='lat' dir='ltr'>turbine</span> <span class='ocrx_word' id='word_1_220' title='bbox 1033 4629 1163 4702; x_wconf 86' lang='lat' dir='ltr'>fertur:</span> 
     </span>
    </p>
   </div>
   <div class='ocr_carea' id='block_1_3' title="bbox 0 0 1880 6217">
    <p class='ocr_par' dir='ltr' id='par_1_7' title="bbox 0 0 1880 6217">
     <span class='ocr_line' id='line_1_35' title="bbox 0 0 1880 6217; baseline 0 2"><span class='ocrx_word' id='word_1_221' title='bbox 0 0 1880 6217; x_wconf 95' lang='lat' dir='ltr'> </span> 
     </span>
    </p>
   </div>
  </div>
 </body>
</html>
