3750 6217
399 673 479 816 „a
586 693 1035 798 ranaroo's
1090 721 1173 795 xr.
1228 746 1263 792 a
1307 741 1403 815 457.

396 883 600 958 Conseder'e
618 886 763 977 avium,
781 886 972 983 piscosove
991 907 1098 956 amne
1118 884 1278 959 Padusae

395 999 494 1072 Dant
514 1003 675 1074 sonitum
695 1004 790 1075 rauci
811 1026 874 1097 per
895 1019 1017 1099 stagna
1035 1001 1201 1096 loquacia
1219 1002 1333 1096 cycni.

395 1116 544 1207 Immo,
563 1118 632 1203 ait,
657 1143 679 1188 o
700 1117 814 1206 cives,
834 1115 983 1211 adrepto
1003 1135 1187 1212 tempore,
1209 1117 1378 1208 Tumus5

394 1231 525 1331 Cogite
545 1233 764 1323 concilium,
790 1252 826 1306 et
843 1239 972 1328 pacem
991 1232 1131 1303 laudate
1150 1232 1335 1306 sedentes:

394 1327 457 1421 I'lli
474 1348 582 1418 armis
600 1347 639 1418 in
656 1373 761 1448 regna
780 1345 891 1420 mant
926 1372 997 1444 ¹nec
1016 1348 1118 1443 plura
1138 1349 1282 1422 locutus

394 1460 590 1557 Conripuit
609 1487 704 1552 sese,
729 1483 765 1536 et
783 1464 883 1537 tectis
902 1464 993 1537 cinis
1011 1463 1137 1535 extulit
1155 1464 1244 1536 altis

395 1577 479 1668 Tu,
501 1575 663 1667 Voluse,
685 1581 810 1652 armari
830 1578 1051 1653 Volscorurn
1072 1578 1173 1652 edite
1191 1578 1383 1674 maniplist'

392 1692 498 1783 Duc,
520 1693 590 1783 ait,
612 1709 649 1766 et
667 1694 834 1769 Rutulos.
873 1696 1033 1789 equitem
1049 1694 1236 1788 Messapus
1255 1694 1294 1764 in
1311 1692 1445 1785 armis,

393 1808 441 1881 Et
460 1833 543 1882 cum
562 1805 664 1880 fratre'
683 1808 795 1882 Coras
814 1809 893 1883 latis
912 1808 1104 1882 diffundite
1123 1809 1271 1903 'campis
1421 1823 1424 1828 '

394 1924 478 1997 Pars
497 1924 612 1997 aditus
633 1925 730 1998 urbis
747 1926 908 2015 firment,
932 1943 1114 2020 tunesque
1134 1941 1337 2019 capessant:

394 2031 543 2129 Cetera,
562 2059 634 2134 qua
648 2044 771 2140 jusso,
792 2063 936 2114 mecum
954 2051 1086 2113 manus
1105 2039 1230 2113 inferat
1248 2055 1355 2111 arma

394 2155 498 2228 Ilicet
517 2154 555 2226 in
571 2179 696 2228 muros
715 2173 791 2227 tota
808 2145 1011 2230 discurritur
1029 2155 1127 2228 urbe.

394 2271 604 2343 Concilium
625 2272 702 2365 ipse
718 2290 817 2366 pater
835 2289 870 2343 et
887 2295 1019 2372 magna
1036 2272 1179 2366 incepta
1197 2269 1346 2343 Laturus

393 2386 555 2474 Deserit,
580 2411 620 2458 ac
639 2388 727 2459 tristi
745 2387 904 2460 turbatus
921 2408 1087 2483 tempore
1107 2385 1243 2458 differt:

393 2501 585 2604 Multaque
603 2526 639 2574 se
659 2502 814 2593 incusat,
839 2503 998 2597 quinon
1018 2503 1199 2597 adceperit
1217 2502 1313 2572 ultro

393 2616 616 2716 Dardanium
634 2616 801 2708 Aenean,
819 2643 1064 2717 generumque
1083 2616 1269 2690 adsciverit
1287 2614 1377 2687 tubi:

392 2720 627 2805 Praefodiunt
645 2734 714 2830 alii,
725 2751 865 2828 portas,
888 2753 951 2806 aut
967 2759 1050 2807 saxa
1070 2733 1248 2828 sudesque

392 2849 611 2951 subvectant
632 2875 640 2917 ι
671 2848 768 2921 bello
789 2849 851 2922 dat
870 2850 1014 2948 signum
1033 2874 1137 2920 rauca
1155 2858 1345 2921 cruentum

392 2948 557 3038 Buccinar
592 2981 673 3035 tum
691 2989 815 3038 muros
831 2966 923 3037 varia
943 2966 1083 3038 cinxere
1103 2988 1237 3036 corona

392 3067 579 3154 Matronae
594 3081 769 3175 puerique
789 3106 797 3148 :
825 3100 931 3152 vocat
949 3080 1052 3152 labor
1070 3081 1221 3152 ultimus
1239 3077 1371 3151 omnisa

393 3179 565 3267 Necnon
584 3195 630 3266 ad
647 3197 828 3289 templum
848 3201 1083 3290 summasque
1102 3196 1148 3266 ad
1169 3191 1325 3267 Palladis
1343 3199 1441 3269 arces'

392 3292 606 3384 Subveiiitur
625 3332 754 3408 magna
773 3328 927 3382 matrum
946 3312 1065 3412 regin'a
1084 3317 1243 3397 caterva,

393 3426 503 3498 Dona
523 3422 660 3496 ferens:
685 3429 861 3523 juxtaque
880 3452 1003 3498 comes
1025 3427 1171 3498 Lavinia
1189 3427 1312 3523 virgo,

395 3542 529 3614 Caussa
549 3541 654 3612 malis
671 3541 801 3631 tantis,
824 3544 953 3614 oculos
971 3544 1105 3640 dejecta
1125 3542 1286 3613 decoros.

393 3654 598 3732 Succedunt
616 3676 764 3744 matres,
783 3676 819 3728 et
832 3660 1013 3752 templum
1033 3677 1109 3729 ture
1124 3674 1317 3753 vaporantt

393 3775 441 3848 Et
457 3794 607 3847 maestas
628 3774 701 3845 aito
723 3771 880 3844 fundunt
900 3773 946 3844 de
967 3774 1095 3845 limine
1114 3780 1244 3845 vocesz'

393 3888 647 3985 Armipotens,
673 3915 810 3983 praeses
829 3889 937 3978 belli,
957 3889 1122 3960 Tritonia
1140 3891 1263 3988 virgo,

395 4005 530 4101 Frange
548 4027 660 4073 manu
680 4006 795 4075 telum
814 4004 956 4103 Phrygii
977 4006 1188 4100 praedonis,
1206 4026 1242 4076 et
1261 4006 1386 4099 ipsum

395 4119 555 4188 Pronum
577 4136 689 4189 sterne
708 4121 810 4209 solo,
828 4120 1015 4213 portisque
1035 4121 1178 4192 effunde
1199 4120 1268 4193 sub
1286 4121 1376 4193 aitis.

394 4233 558 4332 Cingitur
576 4234 653 4326 ipse
673 4232 792 4305 furens
813 4236 971 4306 certatim
993 4238 1030 4305 in
1051 4239 1189 4330 proelia
1208 4235 1361 4308 Turnus.

388 4349 544 4444 Jamque
565 4347 655 4420 adeo
677 4347 854 4420 Rutulum
874 4350 1017 4423 thoraca
1037 4353 1184 4425 indutus
1202 4354 1300 4424 aenis

391 4463 569 4538 Horrebat
587 4466 770 4560 squamis,
798 4490 964 4559 surasque
982 4468 1173 4541 incluserat
1191 4494 1300 4557 auro,

391 4581 578 4679 Tempora
595 4581 717 4656 nudus
736 4581 873 4661 adhuc;
896 4583 1067 4679 laterique
1084 4585 1289 4661 adcinxerat
1308 4609 1462 4681 ensem,
