3750 6217
697 470 848 551 178
1053 464 1941 545 AENEIDOS
2058 468 2251 551 111.
2366 490 2793 565 v.523,.

683 636 988 709 Italiam.
1065 634 1344 707 Italiam
1385 633 1660 727 primus
1697 632 2099 705 conclamat
2136 630 2431 707 Achates
2462 664 2483 713 ε

683 753 968 834 Italiam
1005 752 1188 821 laeto
1227 748 1400 819 socii
1441 750 1752 821 clamore
1792 750 2111 823 salutant.

681 868 882 939 Tum
919 884 1116 959 pater
1154 862 1496 935 Anchises
1531 888 1877 961 magnum
1918 882 2171 933 cratera
2208 888 2473 939 corona

681 983 974 1069 Induit,
1019 978 1462 1073 inplevitque
1503 1004 1752 1057 mero;
1797 978 2149 1073 divosque
2186 980 2465 1055 vocavit

677 1098 882 1171 Stans
919 1095 1102 1167 celsa
1137 1094 1208 1164 in
1247 1096 1506 1189 puppi.

677 1214 840 1303 Dii,
887 1212 1102 1283 rnaris
1139 1228 1208 1281 et
1246 1230 1457 1281 terrae
1492 1226 2144 1305 tempestatumque
2184 1226 2563 1307 potentes,
2676 1216 2687 1227 “

675 1329 876 1399 Ferte
911 1327 1104 1397 viam
1137 1344 1354 1401 vento
1391 1324 1670 1397 facilem
1702 1381 1722 1414 ,
1767 1346 1837 1397 et
1867 1326 2121 1419 spirate
2164 1326 2476 1399 secundi.

677 1444 1142 1515 Crebrescunt
1183 1460 1462 1536 optatae
1507 1467 1708 1511 aurae
1741 1494 1764 1529 ,
1807 1460 2205 1535 portusque
2252 1443 2547 1537 patescit

665 1558 832 1649 Jam
867 1558 1206 1651 propior,
1260 1558 1767 1651 templumque
1805 1558 2093 1651 adparet
2130 1558 2205 1631 in
2248 1582 2399 1629 arce
2434 1558 2841 1643 Minervae.

675 1674 862 1745 Vela
901 1674 1148 1771 legunt
1187 1673 1362 1743 socii
1389 1726 1410 1760 ‚
1459 1692 1528 1743 et
1565 1696 1805 1766 proras
1842 1673 1935 1745 ad
1976 1673 2177 1744 litora
2214 1690 2573 1769 torquent,

675 1790 930 1861 Portus
969 1788 1058 1859 ab
1101 1788 1340 1859 Euroo
1385 1786 1604 1859 fluctu
1643 1808 1961 1863 curvatus
2002 1788 2076 1859 in
2116 1814 2356 1863 arcum
2392 1821 2412 1873 ι

673 1905 1014 2003 Objectae
1057 1904 1231 1975 salsa
1269 1920 1610 1997 spumant
1641 1903 2057 1999 adspargine
2095 1922 2329 1977 cautes
2366 1934 2381 1973 ε

675 2020 846 2115 Ipse
885 2022 1064 2091 latet.
1143 2020 1431 2113 gemino
1469 2016 1859 2091 demittunt
1890 2017 2169 2089 brachia
2205 2046 2415 2093 muro

673 2135 936 2206 Turriti
975 2135 1295 2228 scopuli,
1350 2130 1749 2231 refugitque
1785 2133 1874 2203 ab
1910 2136 2115 2215 litore
2150 2138 2531 2231 templum.

675 2250 1011 2353 Quatuor
1047 2244 1160 2321 hic
1183 2305 1204 2339 ,
1245 2250 1564 2344 primum
1601 2274 1863 2337 omen,
1910 2274 2139 2343 equos
2172 2251 2249 2321 in
2284 2252 2597 2351 gramine
2632 2252 2797 2325 vidi

672 2366 1094 2437 Tondentes
1129 2389 1474 2459 campum
1513 2366 1686 2453 late,
1731 2364 2039 2439 candore
2072 2366 2309 2439 nivali.

671 2480 762 2551 Et
799 2498 996 2576 pater
1035 2478 1374 2551 Anchises
1425 2508 1442 2561 a
1501 2478 1782 2551 Bellum
1813 2534 1834 2569 ,
1878 2506 1923 2551 o
1964 2498 2135 2553 terra
2172 2482 2498 2577 hospita,
2547 2502 2795 2577 portas
2830 2512 2853 2555 ε

669 2596 874 2669 Bello
913 2614 1272 2668 armantur
1307 2596 1476 2689 equi
1511 2623 1528 2675 ε,
1585 2594 1862 2668 bellum
1902 2596 2071 2670 haec
2109 2617 2423 2671 armenta
2464 2599 2859 2673 minantur.

667 2710 810 2783 Sed
849 2732 1088 2783 tamen
1133 2712 1348 2781 iidem
1393 2712 1574 2783 olim
1611 2736 1812 2783 curru
1849 2713 2217 2785 succedere
2260 2714 2437 2786 sueti

668 2826 1194 2933 Quadrupedes
1221 2882 1242 2917 ,
1290 2846 1360 2899 et
1397 2826 1586 2899 frena
1613 2830 1790 2927 jugo
1838 2828 2217 2899 concordia
2253 2828 2442 2910 serre,

663 2942 844 3038 Spes
883 2964 952 3015 et
989 2945 1222 3039 pacis,
1263 2942 1378 3014 ait.
1457 2962 1614 3014 tum
1651 2945 1953 3019 numina
1993 2962 2223 3017 sancta
2256 2970 2627 3040 precamur

667 3058 975 3131 Palladis
1011 3058 1444 3147 armisonae,
1489 3084 1671 3151 quae
1713 3060 1943 3152 prima
1985 3061 2267 3155 adcepit
2304 3062 2629 3143 ovantisa

663 3170 756 3243 Et
794 3172 1034 3263 capita
1062 3190 1224 3245 ante
1259 3196 1406 3243 aras
1441 3172 1744 3269 Phrygio
1785 3176 2103 3245 velamur
2140 3178 2451 3255 amic-tu;

664 3286 1208 3379 Praeceptisque
1245 3284 1544 3374 Heleni,
1592 3288 1877 3361 dederat
1918 3316 2101 3383 quae
2137 3318 2519 3383 maxuma,
2570 3292 2701 3367 rite

651 3400 934 3491 Junoni
967 3400 1260 3497 Argivae
1285 3404 1523 3499 jussos
1562 3402 1939 3477 adolemus
1976 3406 2307 3489 honores,

661 3516 882 3588 Haud
930 3542 1180 3591 mora:
1239 3518 1588 3591 continuo
1626 3516 1951 3613 perfectis
1999 3521 2247 3595 ordine
2294 3524 2529 3615 νοτὶς,

663 3633 956 3717 Cornua
1003 3638 1390 3709 velatarum
1437 3634 1874 3707 obvertimus
1914 3656 2425 3727 antennarum,

661 3748 1298 3847 Graiugenumque
1331 3750 1598 3823 domos
1629 3772 2099 3847 suspectaque
2138 3753 2543 3848 linquimus
2582 3782 2761 3829 arva.

661 3866 853 3943 Hinc
897 3866 1051 3943 sinu
1129 3866 1395 3944 Hercul
1437 3866 1457 3934 i
1545 3870 1597 3938 si
1645 3894 1802 3938 vera
1842 3888 1946 3942 est
1982 3870 2168 3938 fama
2270 3870 2558 3942 Tarenti
2592 3946 2621 3947 c
