3750 6217
449 742 460 753 ,
551 685 997 763 AENEIDOS
1056 691 1133 764 IX.
1191 715 1224 772 ν,
1273 692 1336 766 61.

353 854 516 932 Balatum
536 874 698 928 exercent
719 884 726 925 :
757 857 817 926 ille
838 879 939 949 asper
957 872 993 924 et
1011 854 1186 948 inprobus
1205 856 1252 942 ira

348 972 465 1044 Saevit
485 972 523 1041 in
544 972 701 1058 absentis
721 1001 729 1040 :
759 972 921 1042 conlecta
941 970 1063 1065 fatigat
1081 970 1212 1054 edendi

349 1088 403 1182 Es
423 1089 537 1184 longo
559 1088 693 1175 rabies,
714 1107 749 1159 et
769 1088 879 1172 siccae
897 1086 1067 1182 sanguine
1088 1085 1217 1168 fauces

347 1203 459 1277 Haud
481 1204 581 1287 aliter
598 1204 756 1292 Rutulo,
781 1227 907 1274 muros
927 1223 963 1272 et
979 1218 1088 1271 castra
1106 1202 1242 1290 tuenti,

349 1321 544 1418 Ignescunt
562 1320 631 1404 irae
650 1348 657 1387 r
689 1319 784 1414 duris
805 1318 912 1410 dolor
932 1316 1073 1398 ossibus
1092 1318 1231 1397 ardet;¹

349 1434 436 1541 Qua
455 1452 569 1506 tentet
588 1436 724 1515 ratione
749 1435 886 1530 aditus,
912 1451 947 1502 et
968 1458 1061 1524 quae
1081 1436 1132 1503 via
1151 1434 1291 1514 clausos

351 1551 514 1626 Excutiat
531 1549 691 1621 Teucros
704 1552 805 1636 ‚vallo
816 1603 826 1637 ,
851 1568 960 1641 atque
980 1548 1137 1624 effundat
1156 1551 1193 1636 in
1212 1574 1356 1642 aequor.

351 1665 536 1759 Classem,
560 1691 652 1766 quae
672 1666 770 1750 lateri
790 1682 983 1748 castrorum
1006 1665 1169 1760 adjuncta
1187 1662 1336 1752 latebat,

349 1779 548 1879 Aggeribus
568 1800 706 1875 septam
725 1782 856 1858 circum
878 1798 912 1850 et
931 1779 1134 1853 fluvialibus
1153 1781 1282 1869 undis,
1317 1834 1319 1838 .
1353 1836 1359 1846 .

347 1897 491 1967 Invadit
512 1924 520 1992 ς
551 1898 742 1989 sociosque
761 1896 925 1966 incendia
946 1898 1064 1988 poscit
1082 1913 1250 1979 ovantes3

349 2014 468 2104 Atque
490 2035 640 2104 manum
662 2012 752 2106 pinu
771 2009 928 2111 flagranti
948 2010 1103 2082 fervidus
1121 2013 1245 2105 inplet.

348 2125 449 2196 Tum
469 2152 552 2213 vero
572 2127 809 2212 incurnbunt;
835 2147 934 2224 urget
954 2128 1149 2220 praesentia
1168 2126 1306 2225 Turnir

346 2239 467 2334 Atque
489 2246 610 2315 omnis
627 2243 765 2314 facibus
785 2243 900 2337 pubes
920 2243 1118 2340 adcingitur
1136 2244 1226 2329 atris.

346 2356 534 2452 Diripuere
553 2357 657 2456 locos
681 2386 688 2426 :
718 2360 862 2458 piceum
882 2355 949 2432 'fert
967 2355 1106 2449 fumida
1124 2360 1249 2452 lumen

344 2470 487 2561 Taeda,
509 2492 543 2548 et
560 2460 783 2555 conmixtam,
801 2472 989 2565 Volcanus
1008 2473 1054 2542 ad
1072 2491 1159 2543 astra
1179 2471 1348 2553 favillam.
1393 2513 1395 2518 v

401 2587 495 2692 Quis
516 2588 626 2680 deus,
650 2615 673 2664 o
692 2574 840 2687 Musae,
863 2606 937 2659 tam
958 2612 1057 2668 saeva
1076 2588 1239 2681 incendia
1259 2588 1408 2663 Teucris
1464 2662 1466 2667 ,

342 2700 508 2775 Avertit?
538 2724 657 2778 tantos
676 2705 809 2783 ratibus
828 2704 910 2798 quis
928 2704 1071 2797 depulit
1090 2703 1219 2800 ignes?

339 2817 467 2890 Dicite.
510 2823 622 2913 prisca
643 2821 730 2891 fides
751 2819 871 2909 facto,
891 2819 954 2908 sod
971 2817 1066 2888 fama
1086 2819 1261 2913 perennis.
1314 2897 1316 2903 ¹

397 2933 584 3030 Tempore
608 2927 684 3029 quo
705 2936 865 3029 primurn
887 2933 1035 3032 Phrygia
1055 2931 1232 3032 fonnabat
1249 2935 1287 3005 in
1307 2937 1373 3033 Ida

341 3047 479 3121 Aeneas
499 3053 646 3133 classem
660 3070 730 3140 „et
749 3050 866 3146 pelagi
886 3067 1004 3147 petere
1020 3050 1089 3119 alta
1109 3048 1279 3143 parabata
1387 3144 1390 3147 .
1429 3046 1433 3052 ’

341 3165 425 3260 Ipsa
445 3165 556 3261 delam
580 3164 687 3243 fertur
706 3165 864 3265 geneuisr
881 3164 1084 3258 berecyntia
1100 3189 1275 3261 magnum

342 3276 506 3354 Vocibus
523 3282 578 3353 his
597 3279 713 3359 adfata
727 3280 858 3369 Jovem
879 3310 886 3348 r
917 3279 993 3368 Da,
1015 3277 1119 3368 bate,
1143 3282 1301 3372 petenti,

340 3393 454 3500 Quod
471 3416 532 3468 tua
551 3422 627 3469 cara
644 3421 771 3494 porens
789 3389 941 3486 domito
952 3414 987 3467 te
1007 3396 1124 3489 poscit
1143 3381 1320 3491 Olympo.

340 3511 447 3583 Pinea
465 3516 551 3607 silva¹
569 3514 682 3612 mihi,
703 3514 840 3607 multos
858 3510 986 3592 dilecta
1007 3536 1070 3609 per
1087 3534 1222 3608 qnnos,

339 3615 458 3699 Lucirs
478 3632 516 3699 in
536 3655 612 3710 arce
628 3626 696 3700 luit
716 3653 881 3717 summa,
906 3652 984 3720 quo
1003 3652 1095 3715 sacra
1111 3624 1291 3717 ferebant,

337 3741 499 3839 Nigranti
518 3744 619 3838 picea
637 3744 869 3837 trabibusque
886 3743 1057 3822 obscurus
1076 3743 1210 3824 acernis
1226 3770 1234 3809 ι

336 3855 412 3927 Has
433 3882 499 3953 ego
520 3856 702 3929 Dardanio
719 3849 866 3955 josleni,
893 3882 1010 3951 quom
1030 3858 1149 3930 classis
1167 3874 1307 3954 egeret,
1407 3927 1413 3934 ,

335 3968 445 4040 Laeta
464 3970 548 4050 dedi
572 3998 580 4068 r
610 3996 707 4060 nunc
727 3974 919 4047 sollicitam
939 3973 1054 4076 timor
1068 3971 1194 4065 anxius
1213 3989 1322 4071 urget
1419 3968 1423 3975 ’

1483 716 1558 783 31¹

339 4084 446 4156 Solve
464 4102 608 4174 metus,
627 4102 737 4179 atque
754 4088 825 4157 hoc
842 4087 1007 4182 precibus
1026 4088 1101 4184 sine
1119 4111 1227 4180 posse
1244 4106 1427 4181 parentem
1442 4123 1461 4177 4,
1490 4104 1504 4132 ·‘

334 4198 391 4271 Ne
412 4226 515 4273 cursu
536 4218 717 4294 quassatae
731 4203 833 4294 ullo,
857 4227 930 4302 neu
949 4185 1094 4294 turbine
1108 4203 1205 4277 venti

334 4312 544 4394 Vincantur.
582 4316 699 4388 Prosit
717 4317 846 4389 nostris
863 4318 901 4389 in
921 4318 1112 4389 montibus
1131 4335 1234 4416 ortas.

334 4428 446 4504 Filius
463 4433 546 4502 huic
566 4451 711 4522 contra,
739 4450 884 4526 torquet
904 4433 968 4525 qui
990 4433 1102 4506 sidera
1120 4435 1278 4503 mundi:

331 4545 368 4616 O
389 4549 570 4647 genetrix,
590 4573 667 4642 quo
689 4546 758 4618 lata
776 4571 883 4621 vocas
903 4548 920 4617 Ρ
950 4566 1011 4619 aut
1030 4547 1121 4641 quid
1138 4549 1231 4641 petis
1253 4549 1358 4621 istis?
1470 4642 1475 4654 Ι
