3750 6217
549 716 998 803 AENEIDOS
1053 711 1104 800 V.
1162 751 1196 798 v.
1246 745 1311 823 940

335 894 419 968 Hoc
437 896 552 994 magis
572 895 739 990 inceptos
755 894 907 993 genitori
928 896 1095 967 instaurat
1111 893 1285 980 honores,

333 1009 518 1101 Incertus,
543 1008 753 1098 Geniumne
771 1009 867 1099 loci,
886 1008 1113 1081 famulumne
1132 992 1288 1105 parentis

330 1125 418 1199 Esse
435 1142 539 1221 putet
560 1149 568 1194 ε
599 1125 717 1198 caedit
735 1120 840 1197 binas
859 1123 905 1196 de
922 1144 1024 1197 more
1042 1124 1219 1213 bidentis,

331 1238 485 1336 Totque
506 1264 611 1330 sues,
629 1239 787 1313 totidem
803 1239 975 1339 nigrantis
993 1254 1088 1338 terga
1101 1242 1301 1338 juvencosr

334 1348 507 1451 Vinaque
526 1351 702 1428 fundebat
721 1354 875 1451 pateris,
897 1356 1132 1448 animamque
1149 1340 1300 1426 vocabat

332 1469 509 1544 Anchisae
527 1467 675 1571 magni,
696 1471 889 1565 manisque
907 1461 1109 1543 Acheronte
1126 1469 1302 1541 remissos.

334 1580 411 1659 Nec
428 1611 506 1658 non
525 1604 561 1658 et
581 1587 689 1677 socii,
713 1566 812 1682 quae*
825 1586 957 1681 cuique
977 1604 1030 1659 est
1048 1586 1174 1680 copia,
1196 1583 1279 1655 laeti

333 1698 443 1773 Dona
462 1700 580 1774 ferunt
601 1719 609 1771 t
641 1719 861 1795 onerantque
882 1724 976 1792 aras,
994 1708 1222 1794 mactantque
1234 1702 1418 1798 juvencos.
1541 1685 1545 1689 ²

332 1809 473 1888 Ordine
493 1816 606 1888 ahena
625 1818 748 1889 locant
765 1816 846 1906 alii,
872 1815 1017 1910 fusique
1038 1832 1102 1912 per
1117 1813 1264 1885 herbam

335 1928 538 2030 subjiciunt
555 1932 696 2004 veribus
715 1946 874 2027 prunas,
895 1947 931 2003 et
948 1931 1079 2004 viscera
1097 1946 1240 2004 torrent

390 2042 603 2142 Exspectata
621 2040 700 2120 dies
714 2046 851 2138 aderat,
871 2068 1084 2140 nonamque
1105 2067 1224 2118 serena

332 2154 510 2233 Auroram
529 2159 758 2235 Pha'e‘thontis
777 2152 864 2257 equi
879 2163 957 2262 jam
976 2162 1056 2233 luce
1074 2159 1274 2232 vehebantr

332 2272 520 2372 Famaque
540 2275 716 2351 finitimos
734 2296 770 2350 et
788 2273 872 2349 clari
889 2297 1028 2349 nomen
1045 2267 1190 2348 Acestae

332 2388 505 2465 Excierat
546 2393 640 2465 laeto
659 2393 870 2488 conplerant
888 2393 992 2465 litora
1009 2402 1140 2481 coetu,

329 2502 455 2583 Visuri
472 2496 656 2589 Aeneadas
676 2534 684 2578 r
714 2532 796 2604 pars
814 2525 850 2579 et
868 2524 996 2580 certare
1012 2506 1135 2604 parati.

254 2649 259 2658 ·
332 2618 485 2695 Munera
500 2623 680 2720 principio
699 2643 781 2696 ante
800 2625 947 2713 oculos,
972 2621 1138 2716 circoque
1156 2622 1319 2695 locantur

333 2733 379 2807 ln
399 2737 525 2809 medio
547 2758 556 2808 t
585 2739 672 2812 sacri
690 2737 875 2834 tripodes,
896 2722 1101 2831 viridesque
1120 2758 1296 2827 coronae,

333 2849 377 2922 Et
395 2854 563 2947 palmae,
581 2855 737 2947 pretium
755 2853 973 2944 victoribus,
994 2877 1184 2946 armaque,
1205 2868 1242 2923 et
1262 2868 1361 2925 ostro

333 2963 499 3039 Perfusae
517 2982 657 3057 testes,
681 2970 815 3067 argenti
833 2968 984 3062 aurique
1000 2969 1154 3041 talentat
1242 3028 1245 3035 .

332 3079 378 3153 Et
397 3081 486 3153 tuba
506 3078 709 3156 conmissos
726 3075 848 3155 medio
867 3070 964 3156 canit
980 3097 1102 3182 aggere
1119 3078 1237 3156 ludos.

372 3195 511 3276 ,Prima
531 3217 632 3294 pares
651 3187 777 3271 ineunt
794 3188 957 3298 gravibus
976 3186 1167 3271 certamina
1183 3196 1293 3270 remis

333 3311 527 3418 Quarum,
550 3336 594 3384 ex
614 3315 718 3396 omni
738 3305 894 3387 delectae
913 3315 1043 3404 classe,
1066 3302 1212 3385 tarinae.
1364 3402 1375 3421 .

331 3426 512 3507 Velocem
531 3426 740 3503 Mnestheus
759 3431 832 3530 agit
847 3428 916 3502 acri
934 3429 1068 3527 remige
1087 3417 1254 3518 Pristim,

1423 840 1425 845 ,
1461 744 1542 822 ⁹09

332 3540 425 3614 Mox
444 3543 557 3616 Italus
577 3532 815 3637 Mnestheus,
835 3568 949 3645 genus
967 3570 988 3615 a
1007 3568 1084 3639 quo
1103 3543 1256 3616 nomine
1274 3533 1468 3621 Memmiit

333 3656 597 3755 ingentemque
617 3659 714 3755 Gyas
734 3661 871 3761 ingenti
889 3660 992 3731 mole
1014 3656 1266 3749 Chimaeram,

333 3766 440 3845 Urbis
459 3790 577 3869 ophar
596 3766 730 3871 triplici
746 3767 864 3873 pubes
884 3799 998 3871 quarn
1019 3770 1182 3847 Dardana
1200 3798 1307 3848 versu

336 3884 553 3983 inpellunt,
578 3903 679 3963 temo
700 3906 919 3992 consurgunt
939 3882 1063 3963 ordine
1081 3891 1191 3963 remit

332 3997 606 4100 Sergestusque,
631 4003 765 4079 domus
784 4023 920 4080 teneta
943 4029 1020 4100 quo
1040 4003 1154 4105 Sergia
1173 4002 1334 4097 nomen,

335 4110 517 4190 Centauro
537 4118 715 4193 invehitur
732 4145 863 4221 magna
883 4151 892 4193 r
921 4121 1112 4219 Scyllaque
1130 4120 1331 4197 Cloanthus

333 4228 504 4307 Caerulea
519 4264 529 4316 t
556 4258 669 4333 genus
686 4233 784 4310 unde
801 4233 892 4329 tibi,
913 4234 1079 4311 Romane
1100 4234 1254 4310 Cluenti.

373 4346 456 4459 *Est
474 4351 603 4445 procul
622 4352 661 4423 in
680 4353 810 4454 pelago
828 4374 956 4428 saxum
976 4353 1182 4450 spumantia
1200 4371 1324 4425 contra

336 4460 477 4556 Litora,
497 4464 600 4562 quod
619 4467 770 4542 tumidis
790 4463 1017 4544 submersum
1036 4468 1197 4543 tunditur
1215 4468 1308 4539 olim

336 4574 547 4676 flattibus,
569 4581 712 4657 hiberni
728 4584 892 4663 condunt
908 4584 973 4659 ubi
993 4585 1106 4660 sidera
1122 4580 1250 4656 Cauri:
