3750 6217
484 640 1273 791 nuunrnos1tue„.
1409 714 1480 781 „7

278 852 373 929 Narn
395 855 499 949 quod
517 855 711 928 consilium
731 873 794 931 aut
813 881 905 951 quae
919 858 997 954 jarn
1016 856 1159 937 fortuna
1178 855 1355 933 dabatur?

279 971 388 1044 Mene
407 970 523 1049 ell'ette
543 971 695 1066 pedem,
717 973 876 1070 genitor,
896 990 931 1043 te
950 997 1056 1066 posse
1075 974 1196 1044 relicto

279 1086 431 1182 Sperasti
457 1087 473 1164 ,Ρ
502 1105 718 1181 tantumque
735 1085 834 1168 nefas
853 1087 969 1181 patrio
990 1088 1122 1167 excidit
1139 1085 1228 1158 orel

279 1201 316 1274 Si
334 1203 425 1273 nihil
443 1226 487 1272 ex
506 1221 601 1274 tanta
623 1202 758 1297 superis
777 1204 897 1297 placet
914 1201 1001 1279 urbe
1020 1201 1197 1296 relinqui3

281 1316 327 1389 Et
346 1318 445 1390 sedet
462 1318 563 1397 hocc'
583 1317 732 1405 animo,
752 1318 999 1412 perituraeque
1019 1317 1145 1390 addere
1164 1316 1294 1393 Troiae

281 1433 409 1527 Teque
428 1455 584 1526 tuosque
599 1431 725 1528 juvat:
755 1450 854 1525 patet
873 1429 930 1503 isti
947 1433 1055 1531 janua
1075 1434 1167 1521 leto,

278 1547 434 1641 Jamque
454 1545 565 1617 aderit
584 1547 701 1618 multo
721 1545 851 1616 Priami
873 1545 918 1623 de
940 1548 1110 1644 sanguine
1130 1546 1304 1640 PyrrhuS,

283 1662 444 1734 Gnatum
464 1680 546 1735 ante
565 1685 625 1733 ora
644 1661 769 1756 patris,
793 1680 932 1756 patrem
952 1662 1017 1755 qui
1036 1661 1224 1737 obtruncet
1241 1660 1286 1731 ad
1306 1684 1389 1738 aras.

283 1778 396 1849 Hocc'
416 1795 508 1866 erat,
532 1778 626 1848 alma
645 1800 793 1883 parens,
817 1775 920 1870 quod
937 1802 998 1846 me
1017 1802 1080 1871 per
1096 1778 1188 1866 tela,
1211 1800 1275 1870 per
1294 1775 1385 1874 ignis
1482 1816 1485 1821 ·

284 1894 423 1988 Eripis,
446 1911 487 1964 ut
506 1892 635 1974 mediis
654 1892 797 1963 hostem
815 1892 853 1961 in
871 1892 1133 1984 penetralibus,
1152 1909 1265 1985 utque

282 2007 500 2097 Ascanium,
522 2026 732 2102 patremque
752 2030 900 2095 meum,
920 2009 1095 2105 juxtaque
1114 2005 1307 2097 Creiisam,

283 2123 446 2196 Alterum
464 2123 502 2193 in
522 2123 663 2195 alterius
680 2140 854 2202 mactatos
874 2123 1045 2220 sanguine
1066 2122 1235 2197 cernam?

283 2239 412 2327 Arma,
434 2237 522 2328 viri,
542 2236 626 2309 ferte
646 2261 742 2308 arma
767 2264 775 2317 ;
804 2259 909 2316 vocat
929 2238 992 2307 lux
1011 2237 1138 2311 ultima
1153 2238 1277 2315 victos

282 2351 436 2425 Reddite
455 2378 515 2425 me
536 2351 668 2429 Danais
692 2379 700 2431 t
731 2352 835 2431 sinite
855 2352 1043 2431 lnstaurata
1063 2354 1211 2427 revisam

284 2467 432 2553 Proelia,
468 2493 674 2562 numquam
694 2491 822 2545 omnes
839 2467 949 2547 hodie
967 2468 1165 2547 moriemur
1182 2468 1299 2543 inulti.

342 2582 438 2655 Hinc
457 2581 547 2665 ferro
568 2584 738 2681 adcingor
753 2606 892 2671 misus,
914 2583 1109 2677 clipeoque
1127 2582 1304 2661 sinistram

286 2697 505 2770 Insertabam
525 2702 669 2795 aptans,
688 2721 823 2791 meque
840 2718 935 2777 extra
954 2714 1046 2769 tecta
1065 2695 1230 2777 ferebam.

286 2811 378 2884 Ecce
397 2831 517 2883 autem
537 2815 714 2909 conplexa
730 2810 840 2917 pedes
858 2812 896 2889 in
915 2810 1042 2893 limine
1059 2814 1221 2909 conjunx

287 2926 485 3016 Haerebat,
507 2952 732 3022 parvumque
751 2926 842 3028 patri
861 2927 1031 3005 tendebat
1049 2927 1195 3005 Iulum;

287 3042 324 3114 Si
337 3041 520 3139 ¹periturus
538 3042 638 3130 abis,
657 3060 691 3115 et
709 3065 777 3112 nos
795 3064 877 3137 rape
898 3042 936 3113 in
958 3041 1082 3121 omnia
1102 3059 1243 3113 tecum:

286 3156 349 3230 Sin
368 3157 527 3261 aliquam
547 3175 713 3252 expertus
733 3156 859 3233 sumtis
879 3182 982 3255 spem
1003 3157 1111 3251 ponis
1130 3157 1168 3226 in
1189 3158 1318 3249 armis,

287 3273 391 3345 Hanc
409 3272 568 3367 primurn
588 3289 699 3344 tutare
716 3270 881 3345 domum.
920 3273 977 3343 cui
995 3296 1124 3367 parvus
1143 3271 1267 3362 Iulus,

288 3388 357 3459 Cui
377 3406 495 3482 pater,
517 3405 551 3458 et
572 3387 732 3484 conjunx
751 3388 941 3479 quondam
960 3405 1021 3463 tua
1038 3387 1130 3457 dicta
1150 3387 1362 3485 relinquor?

344 3502 448 3573 Talia
464 3500 660 3586 vociferans
678 3502 815 3599 gemitu
834 3520 966 3574 tectum
987 3526 1098 3577 omne
1114 3503 1290 3595 replebata

287 3618 416 3723 Quom
436 3616 615 3706 subitum,
637 3616 808 3710 dicarque
827 3616 939 3690 oritur
956 3616 1118 3715 mirabile
1137 3635 1351 3697 monstrum.

289 3733 456 3827 Namque
473 3757 603 3804 manus
622 3732 731 3821 inter,
752 3749 1045 3827 maestorumque
1066 3755 1126 3809 ora
1145 3750 1357 3826 parentum,

289 3848 379 3920 Ecce
398 3847 485 3917 levis
503 3870 650 3918 summo
670 3846 715 3917 de
732 3847 859 3928 vertice
876 3848 972 3919 visus
987 3847 1059 3924 Iuli

289 3963 451 4035 Fundere
471 3962 595 4031 lumen
615 3984 726 4054 apex,
747 3977 915 4054 tactuque
935 3962 1083 4039 innoxia
1103 3960 1227 4039 mollis

290 4077 464 4150 Lambere
483 4073 630 4159 flamma
647 4098 790 4164 comas,
813 4093 848 4148 et
866 4075 1001 4157 circum
1018 4094 1182 4172 tempora
1199 4078 1306 4172 pasci.

290 4192 369 4266 Nos
387 4190 508 4288 pavidi
523 4189 698 4288 trepidare
716 4210 839 4281 metu,
865 4193 1072 4285 crinemque
1090 4190 1295 4289 flagrantem

290 4308 486 4397 Excutere,
510 4324 545 4378 et
563 4323 702 4385 sanctos
720 4305 931 4404 restinguere
949 4305 1113 4381 sontibus
1132 4309 1241 4407 ignes.

289 4423 336 4495 At
353 4440 451 4517 pater
469 4420 641 4493 Anchises
663 4422 789 4493 oculos
808 4421 854 4492 ad
872 4421 984 4493 sidera
1005 4423 1115 4494 laetus

289 4537 454 4628 Extulit,
473 4556 509 4609 et
525 4538 630 4621 coelo
652 4538 791 4631 palmas
811 4561 895 4608 cum
912 4561 1004 4617 voce
1022 4536 1196 4620 tetendit:
