3750 6217
709 696 808 793 98
1014 688 2068 801 GEpRGICON
2183 692 2351 767 IV.
2468 714 2825 791 v.193.

699 862 840 935 Sed
886 862 1157 935 circum
1195 879 1390 933 tutae
1431 862 1564 935 sub
1603 859 1992 931 moenibus
2028 859 2225 931 urbis
2264 878 2665 955 aquantur,

703 979 1200 1071 Excursusque
1239 978 1468 1049 brevis
1507 994 1784 1049 tentant
1808 1029 1830 1066 ‚
1873 994 1944 1047 et
1983 1000 2192 1069 saepe
2238 977 2531 1071 lapillos
2554 1028 2578 1067 ,

703 1094 806 1167 Ut
846 1095 1148 1190 cymbae
1201 1092 1563 1165 instabiles
1594 1091 1820 1163 fluctu
1855 1093 2161 1189 jactante
2205 1092 2612 1182 saburram,

705 1212 1019 1283 Tollunt
1059 1237 1074 1278 ε
1134 1209 1243 1280 his
1285 1233 1433 1281 sese
1485 1234 1611 1305 per
1653 1207 1887 1278 inania
1925 1207 2176 1276 nubila
2219 1207 2497 1280 librant.

825 1328 1051 1396 Illum
1092 1323 1272 1394 adeo
1316 1325 1666 1418 placuisse
1704 1322 1962 1417 apibus
2000 1322 2345 1393 mirabere
2384 1346 2713 1412 morem,

710 1441 945 1551 Quod
982 1466 1112 1511 nec
1150 1440 1543 1512 concubitu
1582 1438 1959 1534 indulgent
1984 1493 2003 1526 ‚
2045 1463 2175 1509 nec
2216 1464 2523 1533 corpora
2566 1460 2821 1537 segnes

710 1559 807 1629 In
846 1556 1206 1627 Venerem
1245 1556 1575 1644 solvunt,
1616 1571 1738 1625 aut
1776 1552 1963 1625 fetus
1998 1554 2284 1625 nixibus
2321 1554 2593 1625 edunt:

713 1672 993 1743 Verum
1031 1673 1224 1766 ipsae
1262 1698 1298 1740 e
1341 1670 1536 1741 foliis
1574 1688 1786 1740 natos
1822 1686 1893 1738 et
1928 1669 2259 1741 suavibus
2300 1667 2537 1743 herbis

712 1790 860 1859 Ore
903 1790 1150 1886 legunt
1193 1813 1208 1868 ς
1270 1785 1464 1911 ipsae
1505 1809 1742 1883 regem
1783 1808 2186 1878 parvosque
2232 1783 2549 1889 Quirites
2596 1843 2601 1847 .

715 1902 1140 1991 Sufficiunt,
1184 1902 1560 1995 aulasque,
1614 1916 1690 1971 et
1723 1924 1915 1969 cerea
1954 1923 2165 1997 regna
2203 1900 2575 1998 refingunt.

717 2020 944 2113 Saepe
985 2018 1200 2089 etiam
1244 2018 1435 2089 duris
1476 2017 1773 2087 errando
1818 2016 1892 2084 in
1938 2015 2220 2088 cotibus
2261 2016 2404 2088 alas

723 2134 1125 2221 Adtrivere,
1175 2133 1513 2224 ultroque
1553 2132 1873 2205 animam
1915 2130 2049 2199 sub
2086 2128 2270 2202 fasce
2307 2129 2585 2202 dedere.

724 2251 1006 2321 Tantus
1042 2271 1247 2327 amor
1281 2246 1544 2317 florum
1573 2300 1595 2336 ‚
1646 2266 1718 2318 et
1752 2246 2133 2343 generandi
2176 2247 2396 2345 gloria
2433 2245 2689 2319 mellis„

721 2366 909 2463 Ergo
952 2364 1141 2458 ipsas
1177 2362 1507 2455 quamvis
1546 2362 1822 2459 angusti
1861 2362 2207 2433 terminus
2245 2364 2400 2432 aevi

723 2480 1054 2574 Excipiat
1107 2505 1122 2544 ι
1188 2478 1215 2570 (
1248 2502 1485 2571 neque
1520 2476 1718 2546 enim
1755 2477 1924 2570 plus
1960 2495 2292 2570 septuma
2329 2476 2609 2550 ducitur
2642 2479 2915 2571 aestas)

725 2594 822 2667 At
859 2619 1082 2693 genus
1122 2593 1499 2664 inmortale
1538 2610 1823 2679 manet,
1866 2593 2289 2687 multosque
2325 2618 2454 2688 per
2490 2616 2722 2665 annos

727 2708 878 2797 Stat
916 2707 1199 2781 fortuna
1239 2708 1509 2781 domus
1532 2761 1553 2797 ‚
1599 2725 1670 2780 et
1712 2707 1823 2777 avi
1867 2727 2328 2780 numerantur
2361 2733 2683 2780 avorum.

727 2825 1084 2897 Praeterea
1119 2848 1356 2923 regem
1398 2846 1552 2894 non
1595 2822 1691 2894 sic
1723 2822 2091 2921 Aegyptos
2114 2877 2135 2913 ‚
2175 2843 2247 2896 et
2280 2824 2531 2925 ingens

725 2940 958 3036 Lydia
984 2993 1006 3030 ,
1054 2964 1186 3011 nec
1225 2940 1490 3035 populi
1531 2938 1955 3010 Parthorum
1990 2993 2010 3027 ‚
2055 2958 2178 3011 aut
2214 2940 2474 3023 Medus
2506 2938 2933 3037 HydaspeS,

726 3055 1150 3127 Observant.
1225 3080 1383 3154 rege
1422 3054 1776 3127 incolumi
1811 3078 2023 3127 mens
2064 3054 2411 3132 omnibus
2446 3080 2591 3127 una
2630 3074 2784 3135 estz.

726 3169 1016 3242 Amisso
1054 3196 1301 3266 rupere
1339 3170 1556 3241 fidem
1593 3201 1610 3248 ;
1661 3188 2209 3264 constructaque
2244 3173 2464 3244 mella

726 3284 1103 3380 Diripuere
1136 3287 1334 3380 ipsae
1364 3339 1384 3373 ,
1439 3302 1509 3356 et
1548 3304 1765 3357 crates
1803 3286 2073 3358 solvere
2108 3283 2453 3371 favomm,

725 3401 870 3473 Ille
912 3420 1220 3493 operum
1259 3418 1499 3470 custos
1550 3428 1564 3470 ε
1627 3401 1839 3470 illum
1878 3401 2319 3489 admirantur
2348 3458 2368 3492 ,
2420 3423 2490 3476 et
2526 3426 2787 3477 omnes

733 3515 1216 3586 Circumstant
1250 3512 1538 3587 fremitu
1581 3515 1807 3591 denso
1830 3570 1851 3607 ,
1904 3517 2315 3613 stipantque
2352 3519 2799 3612 frequentesz

741 3629 837 3703 Et
875 3654 1085 3724 saepe
1125 3628 1489 3703 adtollunt
1522 3631 1836 3704 humeris
1866 3686 1887 3720 ‚
1937 3651 2009 3704 et
2047 3656 2343 3728 corpora
2384 3634 2583 3712 bello

737 3746 1130 3845 Objectant
1150 3799 1172 3834 ‚
1211 3745 1732 3841 pulchramque
1780 3766 2040 3842 petunt
2082 3774 2215 3845 per
2251 3752 2543 3822 volnera
2578 3766 2913 3829 mortem-

737 3859 1217 3932 Hi=÷=11idam
1265 3864 1481 3932 sinis
1521 3883 1589 3932 at
1645 3888 1737 3936 ue
1777 3864 1946 3944 haec
1982 3890 2182 3944 exem
2210 3872 2310 3940 *la
2354 3868 2614 3952 secuti,
