3750 6217
372 752 900 835 GEORGICON
960 754 1050 827 111.
1110 777 1142 824 v.
1196 752 1284 825 160.
1385 770 1432 846 79

226 916 300 994 Aut
318 920 386 991 aris
406 943 536 992 servare
557 943 696 1012 sacros,
723 935 785 990 aut
803 917 960 990 scindere
979 938 1126 1006 terram,

227 1036 274 1108 Et
291 1059 463 1131 campum
481 1034 684 1106 horrentem
705 1033 822 1105 fractis
840 1034 1008 1106 invertere
1026 1032 1153 1132 glebis:

228 1150 352 1225 Cetera
372 1169 564 1246 pascuntur
579 1151 702 1223 viridis
723 1166 881 1220 armenta
897 1174 961 1243 per
979 1148 1114 1221 herbas.

228 1265 288 1338 Tu
307 1291 402 1360 quos
421 1265 467 1337 ad
484 1264 644 1337 studium
662 1285 772 1360 atque
792 1289 901 1336 usum
918 1264 1089 1336 formabis
1107 1282 1298 1362 agrestem,

224 1381 308 1472 Jam
324 1382 459 1453 vitulos
477 1380 639 1471 hortare,
660 1383 831 1474 viamque
852 1381 973 1452 insiste
994 1379 1195 1467 domandi,

229 1496 329 1570 Dum
348 1496 468 1568 faciles
487 1495 600 1567 animi
617 1499 815 1596 juvenum,
840 1495 931 1566 dum
952 1494 1101 1567 mobilis
1121 1513 1223 1567 aetas.

230 1613 282 1684 Ac
301 1613 462 1708 primum
484 1614 586 1685 laxos
605 1612 707 1684 te‘nui
726 1610 772 1682 de
790 1611 927 1683 vimine
948 1613 1072 1683 circlos

231 1727 365 1798 Cervici
381 1728 576 1800 subnecte:
606 1727 759 1817 dehinc,
782 1726 847 1797 ubi
868 1725 978 1798 libera
998 1728 1093 1798 colla

229 1841 377 1915 Servitio
397 1843 600 1932 adsuerint,
627 1842 716 1938 ipsis
739 1868 758 1914 e
777 1841 969 1936 torquibus
989 1861 1095 1936 aptos

226 1957 345 2056 Junge
366 1984 491 2055 pares,
516 1976 551 2029 et
568 1982 657 2057 coge
676 1958 827 2057 gradum
848 1956 1007 2029 conferre
1025 1960 1215 2056 juvencos:

230 2074 349 2168 Atque
369 2076 439 2147 illis
457 2078 534 2174 jam
556 2099 660 2169 saepe
685 2093 783 2147 rotae
810 2073 986 2144 ducantur
1004 2073 1128 2145 inanes

232 2191 297 2262 Per
319 2208 469 2279 terram,
498 2208 532 2261 et
552 2213 700 2263 summo
717 2189 862 2287 vestigia
881 2190 1026 2283 pulvere
1050 2188 1199 2286 signent

232 2306 318 2379 Post
333 2307 454 2378 valido
477 2305 594 2378 nitens
613 2304 680 2377 sub
700 2305 861 2401 pondere
882 2303 1020 2402 faginus
1043 2303 1119 2375 axis

232 2421 433 2517 Instrepat,
460 2439 494 2493 et
510 2423 658 2519 junctos
676 2439 777 2493 terno
800 2419 911 2492 trahat
935 2444 1055 2491 aereus
1079 2418 1183 2491 orbis.

232 2536 368 2607 Interea
386 2537 475 2631 pubi
496 2535 694 2635 indomitae
713 2560 791 2609 non
811 2534 970 2636 gramina
990 2553 1151 2624 tantum,

232 2650 308 2723 Nec
325 2677 443 2725 vescas
462 2653 612 2726 salicum
631 2649 802 2742 frondes,
828 2653 1026 2745 ulvamque
1045 2651 1266 2745 palustrem,

233 2765 302 2838 Sed
318 2766 494 2841 frumenta
510 2792 623 2839 manu
643 2792 765 2863 carpes
786 2785 857 2841 sata
879 2795 887 2835 ε
917 2791 983 2837 nec
1003 2766 1069 2837 tibi
1093 2764 1183 2835 setae

234 2878 336 2952 More
355 2890 497 2977 panum
515 2884 617 2954 nivea
639 2883 832 2979 inplebunt
850 2882 1051 2953 mulctraria
1068 2905 1215 2969 vaccae,

234 2993 304 3067 Sed
324 3015 399 3068 tota
419 2999 457 3067 in
477 2998 593 3070 dulcis
612 3016 828 3071 consument
846 2997 955 3068 ubera
973 3013 1086 3068 natos.

293 3109 356 3182 Sin
375 3111 421 3181 ad
442 3111 538 3182 bella
557 3111 671 3210 magis
693 3111 878 3199 studium,
903 3129 1109 3204 turmasque
1127 3108 1284 3201 feroces,

235 3224 309 3299 Aut
327 3224 468 3321 Alphea
487 3227 574 3299 rotis
594 3226 751 3322 praelabi
771 3224 925 3296 flumina
945 3226 1070 3315 Pisae,

235 3334 281 3413 Et
295 3341 397 3430 Jovis
415 3344 453 3414 in
473 3344 556 3415 luco
577 3367 696 3415 currus
715 3343 843 3442 agitare
859 3340 1034 3421 volantis;

235 3456 375 3530 Primus
392 3459 479 3553 equi
499 3459 601 3531 labor
618 3476 697 3547 est,
720 3458 862 3530 animos
880 3475 988 3552 atque
1006 3482 1101 3529 anna
1123 3458 1242 3529 videre

234 3573 463 3664 Bellantum,
490 3575 675 3668 lituosque
694 3576 768 3670 pati
786 3606 794 3655 ;
812 3592 1000 3668 tractuque
1021 3594 1227 3674 gementem

231 3688 333 3760 Perre
353 3710 488 3779 rotam,
514 3710 550 3763 et
570 3690 711 3763 stabulo
738 3688 858 3762 frenos
879 3690 1002 3762 audire
1027 3689 1206 3762 sonantis:
1307 3686 1315 3691 ’

233 3803 334 3875 Tum
352 3807 467 3904 magis
485 3823 593 3899 atque
612 3806 728 3903 magis
742 3805 887 3877 blandis
907 3805 1060 3904 gaudere
1079 3803 1237 3900 magistri

234 3918 445 4009 Laudibus,
469 3940 505 3992 et
522 3922 667 4014 plausae
687 3920 851 3993 sonitum
873 3921 1016 3991 cervicis
1035 3943 1163 3989 amare.

234 4035 354 4126 Atque
371 4033 458 4106 haec
472 4036 548 4132 jam
568 4035 689 4129 primo
710 4034 884 4130 depulsus
903 4035 950 4106 ab
970 4035 1078 4108 ubere
1097 4035 1220 4107 matris

123 4220 126 4227 ,
233 4147 393 4237 Audeat,
422 4150 536 4243 inque
557 4151 674 4221 vicem
695 4150 756 4222 det
778 4151 955 4224 mollibus
976 4175 1036 4222 ora
1058 4150 1217 4245 capistris

236 4264 444 4355 invalidus,
471 4264 654 4359 etiamque
674 4284 853 4358 tremens,
873 4267 982 4337 etiam
1004 4266 1137 4338 inscius
1160 4267 1246 4338 aevi.

235 4377 305 4470 At,
330 4380 442 4453 tribus
464 4381 618 4471 exactis,
644 4380 709 4452 ubi
732 4400 856 4475 quarta
881 4382 1067 4455 adcesserit
1092 4398 1226 4471 aestas,

236 4494 386 4590 Carpere
409 4521 499 4569 mox
517 4522 645 4597 gyrum
668 4497 842 4593 incipiat,
865 4497 1108 4596 gradibusque
1133 4519 1258 4571 sonare

234 4608 470 4706 Conpositis,
497 4614 687 4709 sinuetque
706 4616 839 4687 alterna
855 4614 1045 4686 volumina
1065 4636 1231 4695 crurum3
