3750 6217
532 733 980 815 AENEIDOS
1036 742 1083 816 V.
1143 770 1175 817 v.
1225 770 1315 841 490.

331 902 541 977 Convenere
556 907 621 977 viri
641 934 649 976 ε
678 906 925 1005 dejectamque
943 934 1038 980 aerea
1058 927 1190 980 sortem

330 1019 484 1117 Adcepit
500 1022 597 1118 galea
620 1049 628 1091 :
657 1039 693 1092 et
708 1021 849 1116 primus
868 1025 1024 1094 clamore
1045 1024 1202 1095 secundo

330 1135 541 1231 Hyrtacidae
560 1155 642 1220 ante
665 1136 786 1208 omnis
804 1138 877 1208 exit
895 1138 1000 1210 locus
1018 1139 1310 1232 Hippocoontis:

331 1248 456 1355 Quem
475 1251 591 1322 modo
612 1252 728 1321 navali
749 1250 958 1325 Mnestheus
980 1254 1170 1324 certamine
1190 1255 1303 1333 victor

331 1364 598 1460 Consequitur,
617 1366 721 1436 viridi
741 1365 949 1439 Mnestheus
969 1368 1129 1439 evinctus
1151 1369 1254 1437 oliva.

331 1479 473 1554 Tertius
494 1479 691 1575 Eurytion,
718 1499 827 1569 tuus,
853 1507 875 1553 o
898 1482 1108 1570 clarissime,
1132 1481 1252 1569 frater,

332 1594 516 1685 Pandare,
544 1596 608 1689 qui
630 1594 838 1689 quondam,
855 1598 975 1694 jussus
997 1595 1217 1667 confundere
1238 1595 1391 1690 foedus,

332 1709 378 1779 In
397 1710 539 1784 medios
555 1712 669 1782 telum
690 1709 821 1781 torsisti
840 1711 978 1804 primus
1004 1709 1167 1782 Achivos.

331 1823 535 1915 Extremus,
557 1826 728 1923 galeaque
749 1824 822 1895 ima
842 1825 1002 1897 subsedit
1019 1824 1185 1905 Acestesa

331 1937 448 2012 Ausus
471 1956 506 2011 et
529 1940 604 2034 ipse
626 1965 738 2011 manu
756 1941 933 2038 juvenum
954 1958 1086 2015 tentare
1106 1941 1276 2012 laborem.

268 2149 270 2153 ι
333 2051 432 2123 Turn
449 2054 576 2126 validis
593 2052 705 2126 flexos
725 2054 908 2126 incurvant
923 2054 1058 2128 viribus
1077 2080 1175 2128 arcus

331 2167 400 2238 Pro
420 2193 456 2241 se
475 2171 628 2263 quisque
646 2169 732 2258 viri,
757 2186 794 2241 et
811 2169 1032 2264 depromunt
1050 2173 1119 2241 tela
1137 2171 1315 2264 pharetris.

331 2281 523 2377 Primaque
544 2310 607 2379 per
627 2285 771 2358 coelum
791 2309 900 2355 nervo
921 2285 1087 2357 stridente
1110 2287 1232 2382 sagitta

332 2396 541 2492 Hyrtacidae
556 2399 699 2496 juvenis
717 2398 870 2471 volucris
890 2399 1087 2472 diverberat·
1102 2425 1201 2472 auras
1216 2428 1228 2470 t

232 2590 234 2595 ,
332 2510 378 2581 Et
397 2514 516 2603 venit,
538 2515 746 2608 adversique
761 2513 916 2611 infigitur
937 2513 1060 2609 arbore
1077 2515 1176 2584 mali.

333 2626 522 2701 Intremuit
539 2630 678 2718 malus,
698 2630 892 2722 timuitque
912 2630 1073 2709 exterrita
1093 2630 1224 2724 pennis

332 2741 441 2832 Ales,
463 2762 498 2813 et
519 2744 654 2841 ingenti
679 2762 874 2816 sonuerunt
896 2745 1019 2816 omnia
1038 2746 1177 2838 plausu.

334 2853 420 2926 Post
442 2881 518 2928 acer
537 2857 741 2932 Mnestheus
759 2857 915 2930 adducto
936 2860 1095 2930 constitit
1112 2885 1215 2949 arcu,
1268 2867 1274 2880 ’

333 2971 415 3042 Alta
438 2990 562 3068 petens
585 3001 594 3042 ι
622 2974 825 3066 pariterque
848 2976 976 3048 oculos
994 2975 1181 3067 telumque
1198 2974 1359 3050 tetendit.

332 3083 399 3157 Ast
422 3087 536 3181 ipsam
554 3087 774 3159 miserandus
793 3112 896 3159 avem
916 3087 1121 3185 contingere
1143 3087 1233 3161 ferro

333 3200 420 3274 Non
444 3203 555 3273 valuit
578 3229 586 3270 ι
615 3203 735 3274 nodos
754 3221 789 3274 et
809 3203 952 3273 vincula
972 3203 1065 3278 linea
1083 3203 1203 3297 rupit,

334 3315 429 3419 Quis
453 3317 582 3388 innexa
604 3317 736 3412 pedem
756 3319 855 3387 malo
875 3316 1055 3411 pendebat
1077 3318 1122 3387 ab
1141 3319 1226 3392 alto,

333 3431 402 3501 llla
420 3430 537 3504 Notos
557 3451 665 3526 atque
688 3450 759 3503 atra
780 3433 907 3504 volans
933 3433 972 3502 in
997 3431 1122 3502 nubila
1145 3431 1242 3532 fugit.

332 3544 432 3616 Tum
451 3547 619 3640 rapidus,
635 3545 869 3644 jamdudum
892 3572 973 3621 arcu
992 3565 1158 3623 contenta
1178 3570 1302 3643 parato

332 3660 422 3732 Tela
439 3680 588 3750 tenens,
613 3659 753 3733 fratrem
775 3660 950 3756 Eurytion
975 3661 1014 3731 in
1034 3679 1117 3733 vota
1133 3667 1295 3758 vocavit,

327 3776 410 3867 Jam
431 3801 543 3849 vacuo
564 3779 693 3848 laetam
714 3777 818 3848 coelo
840 3778 1062 3871 speculante
1085 3797 1120 3848 et
1139 3779 1205 3850 alis

332 3891 567 3970 Plaudentem
585 3892 685 3989 nigra
707 3890 784 3988 figit
802 3890 870 3963 sub
888 3891 986 3970 nube
1007 3891 1226 3966 columbam.

332 4006 477 4078 Decidit
494 4004 685 4095 exanimis,
705 4006 887 4098 vitamque
909 4005 1056 4099 reliquit
1077 4007 1114 4075 in
1136 4009 1233 4081 astris

331 4120 524 4209 Aethenis,
546 4110 728 4212 fixamque
749 4117 852 4191 refert
868 4119 1013 4192 delahsa
1031 4121 1205 4218 sagittam.

331 4235 472 4308 Amissa
493 4236 593 4310 solus
615 4237 735 4330 palma
759 4234 948 4328 superabat
968 4234 1134 4308 Acestes:

332 4351 408 4455 Qui
428 4369 549 4422 tamen
573 4350 680 4423 aerias
702 4351 815 4422 telum
833 4350 1022 4428 contendit
1039 4352 1078 4422 in
1095 4377 1218 4442 auras,

331 4467 524 4538 Ostentans
547 4485 731 4559 artemque
751 4483 874 4560 pater,
899 4490 1096 4560 arcumque
1116 4487 1315 4543 sonantem.

330 4576 400 4654 Hic
423 4580 537 4654 oculis
555 4582 715 4661 subitum
734 4580 900 4681 objicitur
915 4605 1127 4683 magnoque,
1141 4581 1306 4663 futurum

1455 767 1530 820 921
