3750 6217
386 790 463 843 rao
604 758 1051 846 AENEIDOS
1107 767 1138 847 I,
1196 786 1230 847 'n
1282 787 1373 872 atq.

273 961 276 970 ·
379 935 460 1008 Sive
480 952 636 1008 extrema
656 927 752 1031 pati,
774 955 842 1011 nec
856 941 933 1039 jam
954 939 1119 1012 exaudire
1136 950 1295 1013 vocatos

381 1052 573 1148 Praecipue
590 1051 674 1147 pius
687 1038 846 1144 Aeneas,
869 1078 968 1127 nunc
987 1042 1073 1128 acris
1090 1050 1243 1143 Oronti,

379 1167 487 1239 Nunc
508 1165 637 1262 Amyci
654 1194 775 1242 casum
793 1167 931 1270 gemit,
950 1188 986 1244 et
1005 1158 1159 1244 crudelia
1177 1193 1300 1246 secum

379 1282 463 1355 Pata
483 1281 587 1377 Lyci,
608 1282 813 1381 fortemque
835 1286 963 1382 Gyan,
989 1287 1194 1384 fortemque
1215 1275 1449 1359 Cloanthum

436 1398 482 1469 Et
493 1399 571 1496 jam
590 1399 671 1471 linis
690 1421 763 1475 erat
782 1431 791 1472 ε
821 1427 938 1498 quom
952 1403 1119 1499 Juppiter
1137 1406 1276 1477 aethere
1297 1426 1444 1475 summo
1469 1461 1472 1466 .

378 1507 591 1608 Despiciens
610 1539 707 1589 mare
725 1517 925 1589 velivolum
945 1517 1124 1614 terrasque
1140 1518 1312 1620 jacentis,

377 1629 596 1723 Litoraque,
622 1650 658 1704 et
677 1635 770 1707 latos
792 1636 956 1729 populos
978 1687 989 1726 ,
1013 1635 1063 1708 sic
1084 1636 1213 1710 vertice
1235 1633 1328 1705 coeli

378 1740 570 1837 Constitit,
590 1763 627 1820 et
646 1740 781 1845 Libyae
798 1738 922 1822 defixit
938 1749 1078 1822 lumina
1096 1752 1222 1850 regnis.

326 1927 329 1938 .
375 1860 497 1956 Atque
517 1863 624 1935 illurn
646 1863 726 1938 talis
738 1863 932 1964 jactantem
955 1885 1100 1962 pectore
1123 1883 1224 1938 curas

377 1975 550 2069 Tristior,
570 1998 606 2052 et
626 1970 777 2053 lacrimis
800 1982 927 2054 oculos
947 1980 1077 2056 suffusa
1096 1980 1243 2053 nitentis
1259 2030 1271 2068 ‚

378 2091 598 2198 Adloquitur
616 2083 743 2171 Venus
764 2124 771 2166 :
801 2093 838 2170 O
857 2095 920 2191 qui
938 2123 992 2170 res
1010 2087 1279 2190 hominumque
1298 2093 1489 2190 deumque

377 2205 539 2292 Aeternis
558 2213 648 2310 tegis
669 2210 855 2308 imperiis,
880 2230 916 2283 et
935 2212 1091 2283 fulmine
1111 2230 1238 2301 terres,

370 2324 481 2436 ¹Quid
499 2347 602 2399 meus
627 2321 765 2399 Aeneas
783 2326 821 2397 in
842 2341 877 2400 te
900 2328 1113 2401 conmittere
1134 2343 1301 2416 tantum,

378 2441 480 2548 Quid
500 2433 613 2513 Troes
632 2460 806 2536 potuere,
831 2442 988 2538 quibus,
1009 2462 1066 2516 tot
1082 2437 1205 2515 funera
1223 2435 1357 2538 passis,

377 2547 539 2632 Cunctus
559 2558 608 2630 ob
630 2559 771 2629 Italiam
788 2576 957 2632 terrarum
976 2560 1152 2632 clauditur
1173 2556 1302 2630 orbis?

377 2673 481 2747 Certe
500 2674 585 2745 hinc
605 2667 794 2748 Romanos
816 2676 931 2764 olim,
951 2675 1178 2748 'volventibus
1197 2673 1323 2763 annis,

376 2788 474 2863 Hinc
494 2790 569 2862 fore
591 2785 779 2881 ductores,
803 2809 969 2863 revocato
988 2817 1007 2862 a
1023 2792 1197 2893 saqguine
1214 2788 1366 2880 Teucri,

377 2900 455 3014 Qui
473 2927 590 2997 mare,
617 2907 681 3001 qui
701 2918 806 2980 tetras
826 2906 930 2977 omni
953 2896 1093 2980 ditione
1110 2925 1291 2994 tenerent,

375 3021 572 3097 Pollicitus.
610 3049 703 3118 quae
721 3035 777 3112 te,
799 3022 956 3122 genitor,
981 3024 1154 3098 sententia
1172 3021 1307 3093 vertit?

374 3138 459 3213 Hoc
478 3126 649 3234 equidem
670 3155 836 3212 occasum
856 3130 987 3212 Troiae
1006 3138 1188 3233 tristisque
1204 3136 1325 3210 ruinas

373 3247 543 3343 Solabar,
567 3249 647 3326 fatis
666 3254 838 3325 contraria
856 3253 926 3325 fata
946 3251 1156 3350 rependens.

374 3365 483 3441 Nunc
502 3360 630 3440 eadem
649 3360 791 3439 fortuna
807 3369 903 3441 viros
922 3388 980 3442 tot
998 3368 1138 3441 casibus
1155 3386 1254 3440 actos

285 3563 289 3574 ,
374 3486 591 3577 Insequitur.
624 3496 733 3575 quem
754 3482 817 3553 das
833 3479 967 3574 finem,
988 3501 1049 3557 rex
1062 3501 1219 3582 magne,
1239 3480 1437 3553 laborum?

373 3600 537 3671 Antenor
551 3597 698 3693 potuit,
716 3591 846 3668 mediis
861 3593 1002 3672 elabsus
1019 3598 1184 3688 Achivis,

373 3717 538 3813 illyricos
556 3730 735 3810 penetrare
753 3713 874 3801 sinus,
896 3732 1006 3807 atque
1025 3714 1152 3786 intima
1171 3725 1271 3787 tutus

372 3833 496 3932 Regna
514 3830 778 3916 Liburnorum,
802 3841 839 3899 et
857 3826 999 3900 fontem
1019 3850 1183 3924 superare
1198 3827 1368 3902 Timavi:

371 3947 479 4021 Unde
500 3970 564 4044 per
588 3969 649 4018 ora
669 3962 803 4016 novem
820 3964 920 4018 vasto
942 3937 1028 4017 crim
1044 3969 1229 4018 murmure
1249 3949 1389 4020 montis

371 4065 409 4137 It
424 4090 521 4138 mare
540 4058 783 4161 proruptum,
805 4075 840 4132 et
860 4063 991 4162 pelago
1013 4061 1146 4157 premit
1163 4086 1243 4132 arva
1261 4060 1412 4136 sonanti.

370 4175 441 4254 Hic
459 4164 582 4253 tamen
601 4178 662 4251 ille
679 4176 806 4248 urbem
824 4175 970 4268 Patavi,
995 4176 1168 4272 sedesque
1187 4178 1321 4251 locavit

371 4291 622 4388 Teucrorum,
646 4313 681 4370 et
702 4292 799 4392 genti
824 4315 964 4367 nomen
987 4292 1112 4384 dedit,
1140 4318 1310 4387 armaque
1330 4294 1409 4367 fixit

370 4408 505 4492 Troia:
525 4433 623 4485 nunc
640 4407 781 4507 placida
800 4430 1001 4505 conpostus
1024 4434 1113 4507 pace
1134 4407 1295 4504 quiescit

369 4526 467 4617 Nos,
484 4546 546 4600 tua
564 4528 776 4628 progenies,
796 4526 890 4596 coeli
911 4527 1046 4620 quibus
1063 4523 1192 4596 adnuis
1208 4548 1348 4615 arcem,

368 4639 532 4721 Navibus
554 4641 796 4745 (infandum)
818 4641 978 4737 arnissis,
1002 4640 1113 4725 unius
1133 4636 1183 4717 ob
1202 4636 1292 4712 iram
