3750 6217
515 649 1331 805 hsusrnosrrv.ffie
1461 729 1538 799 1½

331 862 465 948 Reddit
486 898 620 968 equus,
643 876 800 973 laetique
819 883 905 946 cavo
926 899 963 947 se
982 873 1111 944 robore
1128 893 1305 967 promunt

330 990 575 1063 Thessandrus
593 989 852 1085 Sthenelusque
873 991 1000 1080 duces,
1020 1007 1056 1061 et
1073 989 1168 1059 dirus
1188 987 1335 1078 Ul'ureS,

331 1106 540 1178 Demissum
563 1106 652 1177 labsi
674 1132 738 1200 per
755 1105 900 1196 funem,
923 1104 1167 1197 Acamasque,
1186 1102 1402 1197 Thoasque,

330 1220 546 1313 Pelidesque
568 1219 857 1317 Neoptolemus,
882 1220 1093 1316 primusque
1109 1216 1312 1309 Machaon,

332 1328 377 1407 lit
394 1335 603 1426 Menelaus,
624 1354 660 1407 et
679 1337 756 1431 ipse
774 1335 852 1407 doli
874 1335 1061 1406 fabricator
1077 1333 1208 1428 Epeos.

333 1449 514 1522 Invadunt
532 1451 659 1522 urbem
680 1475 813 1522 somno
832 1451 995 1544 vinoque
1015 1450 1217 1542 sepultam:

253 1588 255 1593 ’
332 1559 542 1636 Caeduntur
556 1567 707 1664 vigiles,
731 1567 918 1661 portisque
936 1564 1142 1661 patentibus
1163 1564 1283 1636 omnis

332 1676 531 1774 Adcipiunt
549 1682 684 1771 socios,
711 1699 819 1775 atque
837 1682 979 1779 agmina
997 1679 1139 1751 conscia
1154 1680 1321 1776 jungunt

389 1796 555 1890 Tempus
574 1814 666 1886 erat,
692 1813 767 1889 quo
790 1794 904 1892 prima
924 1795 1027 1889 quies
1041 1793 1253 1865 mortalibus
1270 1795 1383 1894 aegris
1419 1841 1423 1849 ·

333 1909 489 2006 Incipit,
516 1929 551 1982 et
570 1912 671 1982 dono
693 1908 818 1982 divdm
838 1911 1034 2010 gratissima
1052 1909 1170 2004 serpit

333 2022 378 2096 In
399 2026 537 2099 soumis
555 2050 636 2098 ecce
653 2045 737 2098 ante
756 2028 883 2098 oculos
899 2025 1157 2098 maestissimus
1176 2022 1311 2096 Hector

334 2132 444 2214 Visus
460 2142 581 2213 adesse
600 2142 713 2233 rhihi,
735 2144 924 2241 largosque
945 2141 1123 2214 effundere
1142 2137 1267 2219 fletus;

332 2254 506 2351 Raptatus
523 2256 635 2356 bigis,
657 2274 697 2329 ut
717 2257 931 2351 quondam,
955 2275 1099 2350 aterque
1118 2273 1267 2327 cruento
1291 2289 1297 2303 ·

332 2372 503 2460 Pulvere,
528 2396 665 2466 perque
687 2373 799 2467 pedes
816 2374 978 2470 trajectus
997 2374 1073 2442 lora
1091 2371 1272 2442 tumentis.

332 2485 403 2558 Hei
424 2488 536 2577 mihi,
557 2489 675 2581 qualis
692 2507 764 2559 erat
788 2489 796 2556 !
828 2506 1005 2581 quantum
1025 2504 1182 2558 mutatus
1201 2485 1246 2555 ab
1266 2484 1331 2558 illo

332 2601 512 2690 Hectore,
540 2603 603 2696 qui
621 2602 713 2674 redit
732 2602 874 2673 exuvias
893 2602 1040 2673 indutus
1059 2599 1214 2687 Achilli,

332 2702 405 2785 Vel
424 2714 593 2788 Danaum
614 2717 786 2815 Phrygios
804 2718 978 2815 jaculatus
995 2714 1183 2810 puppibus
1203 2714 1317 2812 ignis!

333 2827 567 2922 Squalentem
585 2832 761 2920 barbam,
784 2850 827 2903 et·
839 2850 1025 2902 concretos
1045 2830 1213 2926 sanguine
1231 2829 1363 2916 crinis,

334 2941 566 3037 Volneraque
585 2948 645 3015 illa
665 2969 810 3043 gerens,
837 2971 928 3039 quae
949 2945 1081 3016 circum
1101 2942 1255 3038 plurima
1271 2964 1398 3017 muros

333 3058 491 3153 Adcepit
508 3062 652 3152 patrios.
688 3063 781 3132 ultro
803 3059 892 3133 flens
910 3060 987 3155 ipse
1005 3058 1150 3130 videbar

333 3174 552 3269 Conpellare
572 3177 710 3266 virum,
736 3194 771 3246 et
785 3194 935 3247 maestas
954 3196 1162 3268 expromere
1180 3195 1310 3246 vocess

333 3290 371 3360 Ο
391 3292 454 3359 lux
474 3289 697 3379 Dardaniae,
719 3315 800 3385 spes
821 3312 844 3361 ο
865 3290 1036 3362 fidissima
1051 3289 1253 3376 Teucrdm,

333 3403 437 3508 Quae
454 3422 572 3476 antae
590 3423 734 3477 tenuere
751 3428 874 3477 morae
896 3405 912 3475 ?
943 3400 1074 3499 quibus
1091 3403 1226 3474 Hector
1244 3400 1290 3471 ab
1310 3402 1383 3474 oris

332 3518 543 3613 Exspectate
562 3522 662 3593 venis
684 3522 701 3592 ?
731 3538 772 3593 ut
791 3539 827 3592 te
846 3537 931 3614 post
948 3521 1062 3592 multa
1081 3537 1228 3590 tuorum

333 3632 490 3723 Funera,
509 3652 595 3728 post
614 3636 729 3708 varios
747 3635 1016 3730 hominumque
1035 3634 1205 3729 urbisque
1222 3631 1364 3706 labores

334 3747 473 3821 Defessi
492 3750 711 3843 adspicimus
734 3752 742 3820 !
774 3777 866 3845 quae
886 3775 1006 3824 caussa
1025 3749 1171 3850 indigna
1191 3771 1337 3820 serenos

334 3860 363 3932 F
366 3864 509 3934 oedavit
525 3865 643 3936 voltus
665 3866 681 3934 ?
712 3883 773 3937 aut
790 3890 851 3936 cur
867 3868 953 3937 haec
971 3866 1118 3936 volnera
1137 3887 1242 3934 cerno
1258 3863 1275 3932 ?

335 3976 404 4046 Ille
419 3977 511 4046 nihil
532 4005 539 4044 r
569 4001 635 4049 nec
655 4004 717 4050 me
737 4000 965 4073 quaerentem
983 4005 1073 4051 vana
1092 3995 1268 4050 moratur:

334 4088 406 4162 Sed
427 4092 572 4197 grauiter
589 4094 742 4191 gemitus
758 4095 837 4166 imo
858 4096 904 4166 de
923 4114 1067 4189 pectore
1085 4095 1239 4181 ducens,

334 4203 419 4277 Heu
438 4204 547 4306 fuge,
570 4227 651 4278 nate
671 4207 759 4299 dea,
779 4227 887 4307 teque
906 4211 981 4300 his,
1004 4211 1070 4300 ait,
1094 4211 1191 4304 eripe
1209 4206 1378 4280 flammis.

335 4315 462 4394 Hostis
480 4321 588 4393 habet
606 4346 730 4396 muros
753 4353 760 4393 ι
789 4324 860 4396 ruit
876 4326 948 4396 alto
967 4351 988 4396 a
1006 4326 1165 4397 culmine
1183 4322 1302 4396 Troia.

335 4433 395 4507 Sat
414 4438 547 4531 patriae
567 4436 784 4533 Priamoque
804 4438 941 4512 datum.
978 4440 1007 4512 si
1026 4438 1195 4539 Pergama
1214 4438 1334 4513 dextra

337 4546 493 4627 Defendi
507 4572 678 4649 possent,
699 4555 807 4627 etiarn
824 4555 891 4628 hac
910 4552 1057 4628 defensa
1073 4553 1230 4627 fuissent.
1280 4664 1315 4737 T
