3750 6217
1574 769 2154 847 NOTAE.
2908 796 3068 868 439

668 937 914 1010 Menda
954 953 1048 1008 est
1084 939 1150 1007 in
1190 951 1404 1008 tune:
1444 937 1757 1037 scrzjotum
1805 939 2075 1037 oportuit
2108 953 2356 1032 tuque.
2415 938 2662 1011 Planus
2686 953 2781 1012 est
2814 963 3075 1033 sensus,

666 1079 782 1125 nec
830 1071 970 1146 eget
1008 1054 1354 1151 interprete.

787 1169 971 1262 892.
1045 1169 1243 1239 Verba
1282 1171 1461 1240 uncis
1503 1169 1748 1240 inclusa
1783 1171 2028 1268 ineptus
2063 1184 2276 1241 sartor
2308 1168 2535 1240 adsuit.
2613 1170 2722 1242 Ne
2764 1174 3085 1271 suspicari

665 1285 920 1381 quidem
937 1280 1061 1381 fas
1100 1302 1196 1355 est
1230 1310 1269 1353 a
1315 1284 1571 1377 Virgilio
1609 1284 1827 1355 relicta
1863 1310 1939 1355 ea
1957 1280 2190 1381 fitisse.

780 1400 956 1470 XII.
1027 1398 1154 1469 66.
1228 1396 1585 1470 Calefacta
1633 1424 1765 1492 per
1816 1423 1955 1470 ora.
2032 1401 2148 1472 Sic
2194 1425 2430 1498 quoque
2474 1401 2730 1473 membr.
2774 1421 3072 1493 nostrae,

668 1532 738 1584 ut
770 1517 1018 1611 antiqui
1040 1540 1269 1587 omnes.
1330 1515 1714 1585 Pauciorum
1741 1515 2158 1610 quorumdam
2184 1517 2362 1587 lectio
2388 1540 2518 1610 per
2540 1540 2695 1589 ossa
2727 1543 2808 1589 ex
2834 1519 3082 1590 librarii

664 1654 873 1701 errore
917 1649 1061 1702 orta
1105 1631 1377 1702 videtur.
1438 1630 1609 1748 ,Quis
1650 1632 1817 1701 enim
1861 1631 2100 1702 dixerit
2138 1656 2434 1730 umquam
2472 1632 2759 1707 ruborem
2801 1635 2893 1707 ad
2933 1658 3081 1706 ossa

660 1770 872 1818 meare
903 1752 951 1819 ἓ

794 1882 918 1955 79.
978 1861 1072 1934 Et
1107 1860 1381 1934 Rutuli.
1442 1862 1558 1933 Sic
1593 1862 1847 1932 membr.
1889 1880 2160 1934 nostrae.
2336 1906 2341 1915 ·

790 1977 829 2047 8
857 1999 918 2048 1.
980 1976 1322 2072 Rapidus.
1395 1977 1591 2071 Vulgo
1618 1976 2076 2071 rapidusque.
2150 1976 2385 2075 Copula
2418 1994 2513 2047 est
2540 2003 2581 2048 a
2606 1980 2779 2049 mala
2801 2003 3015 2049 manu.

794 2113 822 2160 1
849 2114 970 2164 ρο.
1033 2091 1272 2163 Velati
1332 2091 1536 2163 lime.
1621 2093 1970 2186 Virgiliana
2014 2111 2110 2164 est
2151 2093 2306 2163 llaec
2364 2092 2545 2163 lectio
2573 2145 2598 2183 ,
2655 2117 2847 2191 quam
2898 2094 3077 2165 docte

665 2206 949 2275 adseruit
986 2206 1298 2300 Heynius.

786 2343 823 2392 2
849 2343 878 2389 1
901 2323 968 2390 8.
1018 2320 1217 2390 Verba
1248 2322 1430 2388 uncis
1453 2319 1700 2387 inclusa
1728 2319 1939 2386 aliena
1959 2335 2111 2385 sunt
2129 2317 2536 2414 ,irnpevffecti
2555 2342 2777 2390 versus
2803 2327 3080 2420 ineptum

663 2435 1173 2532 supplementum.

790 2570 826 2619 α
850 2569 886 2637 3
912 2569 971 2616 1.
991 2545 1088 2614 Hi
1106 2559 1287 2617 sunt.
1313 2546 1445 2616 Alii
1460 2546 1608 2616 libri
1625 2539 1741 2615 hic
1763 2558 1948 2616 sunt.
1991 2544 2181 2614 Solae
2211 2545 2467 2616 membr.
2499 2564 2744 2618 nostrae
2765 2549 3080 2620 diversam

666 2665 991 2734 lectionem
1021 2661 1345 2750 exhibent,
1382 2687 1541 2757 quae
1578 2680 1837 2756 utraque
1872 2660 2098 2730 melior
2111 2661 2322 2730 videri
2333 2664 2571 2758 possit,
2606 2661 2886 2734 adsunt.

795 2778 978 2869 308.
1043 2774 1333 2845 Cruore.
1394 2777 1509 2845 Sic
1552 2775 1807 2845 membr.
1855 2793 2127 2845 nostrae.
2188 2775 2382 2844 Libri
2426 2776 2713 2872 aliquot,
2771 2776 3075 2848 cerebro,

794 2914 833 2982 3
858 2913 885 2961 1
914 2911 976 2974 7.
1039 2889 1329 2962 Debent
1375 2889 1549 2959 haec
1596 2890 1750 2987 jam
1809 2887 1997 2960 mihi
2056 2912 2262 2960 sacta.
2353 2889 2494 2960 Hic
2549 2892 2699 2961 ordo
2742 2916 2968 2995 vocum
3013 2893 3082 2962 in

666 3008 926 3078 membr.
970 3007 1201 3077 nostris
1226 3058 1248 3094 ,
1295 3006 1653 3075 concinnior
1687 3029 1840 3075 sane
1883 3029 1954 3074 eo
1994 3029 2115 3101 quo
2157 3028 2267 3075 eas
2302 3004 2574 3075 exhibuit
2612 3005 2947 3077 Heinsius.

794 3145 975 3213 344.
1016 3121 1171 3191 Post
1198 3121 1362 3190 hunc
1400 3141 1647 3191 versum
1684 3119 1964 3190 destituit
1989 3143 2103 3191 nos
2127 3119 2602 3214 Argentinensis
2631 3121 2867 3211 codex,
2903 3123 3084 3222 cujus

670 3240 895 3310 ultima
910 3234 1083 3335 solia
1120 3236 1583 3306 interciderunt.

799 3352 980 3444 361.
1042 3351 1101 3421 F
1105 3372 1481 3445 ortemque
1522 3348 1990 3422 Cloanthum.
2051 3351 2167 3422 Ex
2214 3376 2338 3423 uno
2387 3350 2598 3422 codice
2637 3368 2890 3423 enotata
2927 3349 3083 3423 haec

676 3472 861 3545 lectio
886 3463 1208 3567 praeferri
1249 3467 1462 3537 debuit
1496 3467 1838 3560 vulgatae,
1885 3485 1956 3538 ut
1983 3467 2033 3536 I
2038 3467 2104 3537 V.
2154 3464 2334 3539 286.

794 3581 839 3651 6
859 3605 889 3651 1
918 3604 946 3652 1
965 3636 981 3653 .
1025 3583 1183 3654 Post
1206 3584 1373 3653 hunc
1407 3607 1658 3653 versum
1691 3583 1882 3676 vulgo
1911 3583 2211 3676 leguntur
2233 3580 2398 3654 male
2431 3583 2553 3654 huc
2581 3585 2838 3653 retracti
2862 3604 3085 3653 versus

663 3698 813 3771 libri
844 3698 975 3768 XI.
1022 3716 1431 3788 471.472.

798 3813 890 3896 78
914 3815 983 3883 8.
1043 3810 1418 3884 Adsistunt
1455 3830 1700 3883 contra
1738 3811 2139 3882 certamine.
2210 3812 2322 3882 Vel
2345 3813 2438 3881 sic
2467 3810 2841 3903 legendmn,
2875 3808 3025 3881 vel
3004 3831 3084 3880 m

677 3927 1083 4001 certamina.
1106 3926 1371 3998 Heinsii
1385 3927 1562 3999 lectio
1582 3927 1935 4000 adsistunt
1952 3944 2197 3998 contra
2217 3924 2599 3997 certamina
2615 3928 2811 3998 nauci
2821 3950 2945 3998 non
2965 3941 3077 3998 est.

1225 4320 1292 4394 A
1346 4320 1414 4393 R
1473 4319 1544 4390 G
1599 4319 1663 4390 E
1720 4319 1792 4391 N
1848 4320 1920 4391 T
1974 4317 2051 4390 O
2106 4315 2174 4388 R
2227 4314 2297 4388 A
2352 4316 2425 4387 Τ
2480 4318 2519 4388 1

683 4458 795 4512 111
873 4457 1402 4510 OFFICINA
1477 4455 1820 4508 FRANC.
1896 4450 2369 4507 azonam
2450 4446 3081 4525 LEVRAULT,

754 4545 923 4628 typis
941 4538 2307 4626 melatisachalcognpbomquetincivitaten
2330 4534 3023 4605 adscimchuddacob.

1330 4654 2447 4719 Dkamuveezxxxr.
