3750 6217
404 736 851 826 AENEIDOS
909 735 1008 824 Ill.
1067 775 1101 823 v.
1153 740 1245 841 556.
1352 771 1428 846 ιιᾳ

224 907 408 992 Audimus
425 920 553 1016 longe,
572 916 771 1014 fractasque
789 918 834 990 ad
851 921 955 990 litora
971 939 1101 992 vocost

225 1032 488 1126 Exsultantque
511 1034 621 1125 vada,
649 1042 757 1128 atque
774 1054 873 1107 aestu
893 1034 1086 1108 miscentur
1100 1048 1234 1104 arenae.

225 1150 272 1222 Et
291 1168 391 1245 pater
409 1148 583 1223 Anchises
602 1179 609 1219 ι
640 1151 823 1222 Nimirum
843 1152 929 1222 haec
954 1152 1012 1222 illa
1037 1134 1257 1242 Charybdis}

225 1264 307 1338 Hos
323 1263 485 1336 Helenus
507 1268 698 1359 scopulos,
725 1260 812 1337 haec
830 1276 910 1338 sarra
931 1254 1106 1338 horrenda
1127 1248 1285 1339 carebat·

225 1380 383 1475 Eripite,
408 1404 431 1450 o
453 1404 541 1451 socu
559 1407 567 1447 ι
596 1376 797 1476 pariterque
820 1377 989 1479 insurgite
1010 1381 1126 1452 remis.

226 1490 337 1566 Haud
355 1480 479 1569 minus
502 1519 542 1566 ac
556 1486 647 1593 jussi
637 1495 829 1566 faciunt:
859 1491 1071 1590 primusque
1091 1479 1280 1565 rudentem

228 1608 414 1683 Contorsit
439 1612 554 1683 laevas
576 1632 720 1706 proram
742 1607 927 1682 Palinurus
947 1611 992 1682 ad
1016 1596 1140 1682 undas.

224 1725 384 1798 laevam
407 1732 534 1796 cuncta
555 1721 684 1798 cohors
707 1721 814 1798 remis
836 1725 1024 1820 ventisque
1047 1712 1182 1821 petivit

228 1840 439 1913 Tollimur
429 1864 469 1910 ιιι
492 1842 637 1912 coelum
661 1858 804 1913 ortvato
826 1842 981 1940 gurgite,
1004 1854 1039 1913 et
1064 1840 1176 1913 iidem

228 1946 409 2029 Subducta
427 1955 473 2026 ad
493 1946 610 2028 Manis
629 1958 726 2029 i'mos'
745 1953 944 2029 desidimus
961 1957 1069 2028 undat

229 2067 303 2143 Ter
321 2072 464 2166 scopuli
484 2072 679 2143 clamorem
699 2062 790 2144 inter
807 2091 890 2143 cava
911 2095 992 2142 saxa
1011 2071 1161 2143 dederet

229 2173 302 2258 Ter
320 2200 490 2283 spumam
510 2187 634 2259 elisam
652 2202 688 2258 et
705 2187 855 2259 rorantia
871 2175 1031 2259 vidimus
1050 2205 1147 2258 estrat
1198 2246 1206 2259 .

174 2398 176 2403 Ι
287 2302 425 2374 Interea
442 2300 555 2376 fessos
571 2312 697 2378 'ventus
715 2328 799 2375 cum
820 2292 896 2376 sole
913 2294 1077 2397 reliquit}

134 2449 140 2462 ·
229 2405 421 2518 ignarique
438 2406 515 2489 viae
535 2408 741 2514 Cyelopum
760 2418 962 2491 adlabimur
981 2418 1060 2490 oris.

230 2522 359 2606 Portus
375 2531 422 2604 ab
440 2519 586 2605 adcessu
602 2545 793 2606 ventorum
809 2535 992 2624 inmotus,
1013 2552 1048 2605 et
1067 2522 1193 2631 ingens

232 2635 336 2743 ipse‚·
328 2643 418 2721 ·sed
435 2639 635 2722 horrificis
620 2671 720 2748 Juxta
739 2655 841 2721 tonat
862 2637 976 2721 Aetna
997 2648 1127 2737 ruinis,

231 2761 491 2875 Interdumque
512 2777 623 2837 atram
645 2764 852 2860 prorumpit
870 2752 916 2835 ad
935 2748 1070 2836 aethera
1088 2747 1247 2853 nubem,

233 2864 394 2950 Turbine
414 2865 615 2955 fumantem
640 2867 747 2977 piceo
768 2899 803 2952 et
823 2880 998 2952 candente
1020 2879 1160 2958 favilla;

230 2979 461 3089 Adtollitque
485 2984 617 3092 'globos
639 2993 887 3085 flammarum,
915 3014 952 3067 et
973 2996 1082 3067 sidera
1106 2993 1254 3065 lambitr

233 3095 425 3182 interdurn
444 3112 616 3205 scopulos
633 3112 827 3206 avolsaque
845 3112 974 3185 viscera
993 3110 1129 3183 montis

231 3212 345 3325 Erigit
363 3244 544 3315 eructans,
568 3224 833 3321 liquefactaque
854 3248 935 3299 saxa
952 3216 1019 3299 sub
1039 3238 1140 3297 auras

233 3325 330 3412 Cum
353 3342 489 3441 gemitu
507 3344 705 3442 glomerat,
729 3334 920 3437 fundoque
940 3361 1117 3414 exaestuat
1139 3342 1227 3414 imoa

232 3451 341 3529 Fama
359 3476 436 3548 est,
461 3454 633 3530 Enceladi
657 3448 870 3531 semiustum
891 3444 1045 3530 fulmine
1067 3466 1197 3552 corpus

233 3570 353 3673 Urgeri
376 3575 477 3645 mole
493 3573 581 3665 hac,
604 3566 861 3674 ingentemque
883 3561 1028 3669 insuper
1047 3568 1199 3644 Aetnam

234 3683 463 3784 inpositam,
483 3685 598 3786 ruptis
618 3688 805 3763 flammam
825 3691 997 3785 exspirare
1016 3689 1187 3767 caminisr

234 3797 308 3894 Et,
333 3797 468 3878 fessum
494 3806 665 3899 quotiens
687 3822 804 3883 mutet
826 3808 938 3895 latus,
963 3806 1148 3877 intremere·
1171 3810 1324 3874 omnent

235 3908 421 3995 Murmure
438 3909 677 4012 Trinacriam,
700 3942 736 3994 et
757 3923 902 3994 coelum
921 3910 1101 3994 subtexere
1122 3915 1237 3988 fumo.

236 4026 395 4107 Noctem
413 4034 515 4107 illam
532 4037 616 4109 tecti
634 4037 730 4110 silvis
746 4019 904 4108 inmania
921 4045 1082 4109 monstra
1152 4082 1156 4105 .

238 4139 449 4223 Perierunus
471 4177 479 4220 ι
508 4174 594 4242 nec,
616 4173 708 4247 quae
726 4152 887 4226 sonitum
906 4144 968 4224 det
986 4152 1131 4242 caussa',
1153 4136 1329 4225 videmus.

238 4250 334 4336 Nam
352 4280 472 4362 neque
492 4291 590 4341 erant
608 4287 782 4341 astrorum
803 4269 929 4375 ignes,
955 4292 1022 4341 nec
1042 4262 1183 4340 lucidus
1201 4266 1318 4340 aethre

235 4375 378 4454 Siderea
394 4384 529 4478 polusr
557 4383 709 4458 obscuro·
733 4385 796 4457 sed
816 4383 940 4455 nubila
960 4386 1086 4455 coelos

238 4486 285 4569 Et
305 4497 462 4569 lunam
452 4523 491 4570 ιιι
512 4490 642 4571 nimbo
667 4524 743 4572 nox
768 4501 982 4596 intempesta
1002 4494 1155 4572 tenebau

293 4597 472 4688 Postera
456 4639 643 4717 Jamque
630 4615 708 4690 dies
728 4616 849 4716 primo
872 4614 1034 4714 surgebat
1057 4608 1160 4705 Eoo,

1124 4716 1211 4805 'Za
