3750 6217
481 680 1008 781 onouorcon
1067 694 1170 767 rrr.
1225 719 1260 769 v,
1312 708 1380 791 μ·
1443 652 1533 787 ³77

330 860 461 935 Pelion
479 859 624 931 hinnitu
642 858 782 959 fugiens
802 861 955 956 inplevit
973 879 1087 932 acuto.

388 977 497 1048 Hunc
509 1001 678 1069 quoque,
692 975 755 1046 ubi
765 994 826 1047 aut
836 975 969 1047 morbo
982 978 1111 1073 gravis,
1127 976 1272 1075 autjam
1284 978 1424 1077 segnior
1436 979 1537 1051 annis

329 1091 484 1180 Deficit,
502 1090 595 1161 abde
615 1090 754 1169 domo;
775 1115 842 1161 nec
860 1091 957 1185 turpi
977 1090 1121 1188 ignosce
1143 1111 1311 1164 senectae.

330 1207 495 1308 Frigidus
513 1207 552 1275 in
570 1204 752 1276 Venerem
773 1206 911 1295 senior,
941 1204 1134 1301 frustraque
1152 1207 1313 1278 laborem

331 1324 518 1422 Ingratum
535 1321 662 1392 trahit:
693 1340 747 1410 et,
769 1321 797 1392 si
817 1319 965 1415 quando
986 1321 1033 1389 ad
1052 1323 1186 1415 proelia
1203 1342 1351 1394 ventum
1369 1343 1448 1416 est,

332 1438 380 1509 Ut
395 1436 585 1532 quondam
602 1438 640 1506 in
659 1436 800 1530 stipulis
820 1459 972 1533 magnus
992 1435 1068 1507 sine
1087 1436 1220 1509 viribus
1240 1438 1353 1536 ignis,

332 1554 520 1626 Incassum
540 1550 633 1622 huit.
676 1576 758 1649 ergo
776 1551 919 1623 animos
936 1575 1140 1645 aevomque
1160 1552 1302 1625 notabis

332 1666 525 1763 Praecipue
547 1694 556 1735 :-
583 1665 668 1735 hinc
684 1668 769 1739 alias
788 1684 899 1754 artes,
926 1666 1143 1760 prolemque
1162 1687 1377 1761 parentum,

333 1785 377 1856 Et
397 1784 479 1878 quis
498 1781 629 1874 cuique
651 1780 760 1852 dolor
781 1781 897 1869 victo,
920 1805 1012 1874 quae
1030 1782 1141 1879 gloria
1162 1783 1314 1877 palmae.

333 1900 466 1971 Nonne
489 1896 611 1986 vides,
635 1921 752 1990 quom
772 1894 956 1991 praecipiti
973 1898 1165 1970 certamine
1185 1923 1357 1994 campum

333 2014 576 2109 Conripuere,
596 2031 777 2107 ruuntque
797 2009 897 2083 effusi
917 2035 1049 2084 carcere
1070 2037 1209 2103 currus,

333 2130 463 2237 Quom
485 2151 567 2225 spes
583 2127 741 2200 adrectae
755 2128 954 2226 juvenum,
976 2128 1256 2222 exsultantiaque
1272 2129 1388 2204 haurit

333 2246 452 2318 Corda
468 2269 580 2341 pavor
598 2244 743 2343 pulsans
765 2271 773 2311 ι
803 2242 857 2312 illi
877 2242 1007 2313 instant
1024 2242 1166 2314 verbere
1185 2262 1304 2336 torto,

332 2361 378 2435 Et
397 2362 506 2457 proni
528 2359 615 2430 dant
633 2359 709 2429 lora
726 2387 736 2426 :-
762 2358 861 2429 volat
879 2357 915 2427 vi
934 2355 1089 2430 feruidus
1108 2359 1206 2431 axis:

328 2476 486 2570 Jamque
502 2475 678 2562 humiles,
694 2475 843 2573 jamque
861 2473 944 2544 elati
961 2474 1117 2545 sublime
1130 2474 1296 2553 ridentur

332 2592 421 2664 Aera
441 2616 506 2686 per
524 2614 679 2661 vacuom
698 2588 797 2678 ferri,
818 2608 925 2683 atque
944 2588 1126 2687 adsurgere
1144 2591 1182 2660 in
1202 2615 1318 2662 auras:

334 2708 410 2778 Nec
428 2732 547 2796 mora,
565 2730 631 2776 nec
651 2704 791 2800 requies
807 2733 815 2782 ς
840 2722 874 2775 at
891 2702 1007 2776 fulvae
1025 2704 1172 2779 nimbus
1190 2732 1311 2778 arenae

334 2823 514 2899 Tollitur:
538 2823 752 2895 humescunt
770 2819 929 2913 sptunis,
952 2819 1111 2913 flatuque
1134 2839 1367 2914 sequentum:

334 2938 472 3008 Tantus
488 2962 591 3008 amor
609 2936 780 3025 laudum,
801 2952 916 3006 tantae
940 2953 993 3007 est
1010 2934 1157 3007 victoria
1175 2959 1284 3006 curae.
1393 2998 1402 3013 ,

335 3054 476 3123 Primus
492 3050 740 3123 Erichthonius
758 3074 876 3120 currus
893 3067 928 3119 et
945 3067 1100 3143 quatuor
1116 3073 1222 3122 ausus

330 3168 485 3266 Jungere
507 3190 642 3260 equos,
664 3164 883 3260 rapidusque
901 3165 989 3237 rotis
1007 3163 1166 3238 insistere
1184 3163 1307 3236 victor.

333 3284 445 3355 Frena
464 3280 681 3351 Pelethronii
699 3279 871 3374 Lapithae
888 3304 1067 3379 gyrosque
1086 3280 1235 3370 dedere,
1295 3298 1299 3305 ‘

334 3397 490 3493 Inpositi
511 3396 638 3486 dorsO,
659 3414 767 3489 atque
788 3395 948 3489 equitem
966 3395 1120 3467 docuere
1139 3396 1205 3468 sub
1221 3395 1329 3468 annis

332 3515 503 3585 Insultare
524 3513 629 3602 solo,
648 3531 684 3582 et
703 3534 838 3610 gressus
854 3513 1049 3609 glomerare
1070 3510 1253 3607 superbos.

331 3629 479 3723 Aequus
497 3646 646 3720 uterque
667 3626 768 3697 labor
789 3655 796 3695 :
826 3651 940 3720 aeque
956 3628 1203 3725 juvenemque
1224 3627 1379 3724 magistri

330 3745 556 3838 Exquirunt‚
580 3742 811 3836 calidumque
830 3742 962 3815 animis
982 3760 1018 3814 et
1035 3742 1195 3814 cursibus
1213 3765 1349 3813 acrem:

333 3859 510 3965 Quamvis
531 3884 634 3952 saepe
652 3855 734 3955 fuga
751 3882 871 3931 versos
889 3857 952 3927 ille
972 3858 1080 3956 egerit
1097 3856 1234 3945 hostis,

334 3976 380 4046 Et
398 3975 551 4068 patriam
569 3972 719 4067 Epirum
738 3968 879 4061 referat,
901 3970 1075 4066 fortisque
1094 3970 1286 4065 Mycenas3

333 4088 569 4184 Neptunique
590 4087 668 4181 ipsa
687 4086 839 4160 deducat
860 4087 997 4187 origine
1018 4106 1171 4187 gentem.

389 4202 458 4277 His
480 4202 731 4276 animadversis
751 4188 967 4275 instant'sub
984 4222 1147 4298 tempus,
1172 4222 1207 4278 et
1227 4202 1349 4277 omnis

332 4320 544 4415 Inpendunt
563 4343 661 4390 curas
678 4318 790 4389 denso
811 4319 1010 4390 distendere
1029 4319 1181 4418 pingui,

334 4434 456 4541 Quem
476 4438 589 4533 legere
607 4435 756 4523 ducem,
778 4414 817 4506 et
833 4436 956 4529 pecori
974 4434 1095 4508 dixere
1112 4438 1299 4508 maritum:

332 4548 579 4644 Florentisque
599 4567 718 4623 secant
733 4549 881 4640 herbas,
906 4550 1110 4647 fluviosque
1129 4553 1354 4645 ministrant,

1438 3136 1454 3179 t
