3750 6217
545 823 1340 931 AENEIDOSILv.wu

344 994 527 1096 Androgei
544 997 703 1095 galeam,
725 998 907 1093 clipeique
927 999 1065 1098 insigne
1088 1001 1258 1071 decorum

345 1114 536 1202 Induitur,
558 1113 733 1206 laterique
752 1113 924 1212 Argivom
943 1115 1203 1187 adcommodat
1221 1139 1354 1188 ensem.

342 1228 427 1300 Hoc
444 1228 633 1323 Ripheus,
653 1229 754 1301 hocc'
774 1229 850 1323 ipse
866 1230 1023 1324 Dymas,
1050 1232 1241 1323 omnisque
1256 1235 1425 1330 juventus

343 1344 452 1417 Laeta
468 1343 553 1415 facit
570 1372 578 1412 r
609 1345 737 1438 spoliis
757 1370 793 1416 se
812 1346 967 1438 quisque
987 1345 1188 1418 recentibus
1205 1364 1325 1425 armat

342 1459 525 1533 Vadimus
545 1460 690 1529 inmixti
708 1460 841 1532 Danais
858 1462 955 1532 haud
974 1463 1125 1534 numine
1145 1478 1293 1549 nostro,

343 1576 533 1669 Multaque
552 1599 616 1669 per
636 1598 775 1646 caecam
796 1577 972 1674 congressi
992 1576 1128 1670 proelia
1146 1593 1293 1647 noctem

343 1691 576 1762 Conserimus
595 1716 603 1757 ε
633 1691 772 1763 multos
791 1691 959 1763 Danaum
980 1692 1203 1765 demittimus
1221 1690 1328 1766 Orco.

341 1806 547 1905 Diffugiunt
563 1807 624 1876 alii
645 1805 692 1880 ad
711 1809 832 1894 navis,
857 1825 892 1878 et
911 1809 1015 1879 litora
1035 1831 1137 1878 cursu

341 1923 429 1993 Fida
447 1939 575 2016 petunt
599 1949 607 1990 :
637 1945 717 2015 pars
737 1924 919 2020 ingentem
941 1920 1135 1999 formidine
1152 1922 1247 2015 turpi

340 2037 522 2109 Scandunt
541 2061 658 2112 rursus
677 2062 840 2133 equom,
863 2059 899 2110 et
917 2058 1005 2110 nota
1024 2038 1230 2110 conduntur
1250 2038 1287 2107 in
1305 2038 1397 2109 alvo.

341 2154 424 2225 Heu
445 2155 536 2223 nihil
557 2153 677 2225 invitis
696 2154 747 2227 fas
766 2179 990 2248 quemquam
1008 2153 1114 2225 fidere
1134 2153 1248 2225 divis!

397 2270 488 2341 Ecce
508 2268 705 2342 trahebatur
722 2270 833 2363 passis
853 2269 1024 2341 Priameia
1042 2271 1143 2368 virgo

340 2381 513 2457 Crinibus
530 2411 550 2455 a
570 2387 710 2478 templo
728 2385 922 2458 Cassandra
942 2386 1130 2480 adytisque
1147 2384 1347 2474 Minervae,

340 2501 398 2571 Ad
417 2502 561 2572 coelum
579 2500 729 2574 tendens
748 2501 904 2573 ardentia
923 2503 1061 2573 lumina
1079 2499 1220 2573 frustra:

339 2614 497 2686 Lumina
518 2645 526 2686 :
556 2642 641 2687 narn
660 2636 795 2690 teneras
812 2617 976 2690 arcebant
994 2617 1135 2688 vincula
1152 2617 1300 2709 palmas.

337 2728 426 2800 Non
445 2731 530 2804 tulit
548 2734 639 2803 hanc
660 2734 816 2827 speciem
836 2730 961 2804 furiata
979 2750 1100 2803 mente
1116 2729 1324 2818 Coroebus,

337 2844 384 2917 Et
402 2870 476 2918 sese
496 2847 658 2918 medium
679 2847 799 2947 injecit
815 2849 990 2942 periturus
1008 2848 1046 2918 in
1063 2870 1202 2944 agmen.

338 2958 606 3052 Consequimur
622 2963 762 3051 cuncti,
786 2981 821 3034 et
841 2963 960 3034 densis
980 2962 1190 3033 incurrimus
1206 2959 1322 3032 armis.

337 3070 407 3147 Hic
424 3075 585 3169 primum
605 3101 651 3146 ex
669 3079 742 3149 alto
761 3077 901 3147 delubri
921 3078 1080 3151 culmine
1096 3076 1176 3148 telis

336 3190 552 3261 Nostrorum
573 3191 777 3280 obruimur,
798 3193 981 3286 oriturque
997 3191 1191 3265 miserrima
1210 3187 1355 3278 caedes,

335 3304 530 3377 Armorum
550 3304 638 3377 facie
658 3326 694 3378 et
713 3306 896 3377 Graiarum
915 3331 1031 3378 errore
1040 3307 1220 3406 jubarum.¹

335 3420 435 3491 Tum
455 3419 569 3490 Danai
589 3422 726 3518 gemitu
745 3441 854 3515 atque
877 3441 1016 3517 ereptae
1036 3421 1181 3520 virginis
1201 3419 1251 3500 ira

335 3534 505 3629 Undique
525 3536 678 3607 conlecti
698 3536 873 3609 invadunt
890 3567 900 3617 ς
929 3537 1117 3610 acerrimus
1134 3535 1242 3625 Aiax,

335 3650 380 3721 Et
398 3652 531 3749 gemini
551 3650 717 3741 Atridae,
741 3651 1008 3747 Dolopumque
1024 3653 1195 3725 exercitus
1215 3651 1346 3735 omnis,

333 3765 480 3837 Adversi
500 3786 607 3860 rupto
628 3792 693 3838 ceu
711 3766 902 3860 quondam
920 3767 1065 3843 turbine
1078 3767 1177 3845 venti

334 3879 565 3978 Conssigunt,
587 3881 869 3976 Zephyrusque,
895 3880 1109 3977 Notusque,
1135 3901 1170 3954 et
1186 3882 1298 3953 laetus
1317 3881 1393 3955 eois

334 3993 447 4067 Eurus
464 3995 567 4088 equis
589 4022 597 4063 ε
627 3995 779 4067 stridunt
796 3990 925 4086 dlvae,
948 3997 1129 4092 saevitque
1147 3995 1290 4067 tridenti

333 4108 532 4204 Spumeus,
555 4129 664 4204 atque
683 4110 760 4180 imo
779 4110 914 4185 Nereus
933 4114 1003 4185 ciet
1020 4137 1176 4208 aequora
1192 4108 1320 4183 fundo.

333 4224 395 4294 Illi
413 4225 547 4313 etiam,
578 4226 606 4296 si
630 4250 724 4320 quos
740 4225 888 4298 obscura
906 4246 1013 4299 nocte
1032 4252 1097 4322 per
1113 4226 1281 4298 umbram

331 4338 508 4411 fudimus
528 4340 686 4430 insidiis,
711 4359 860 4437 totaque
878 4343 1089 4441 agitavimus
1105 4341 1216 4431 urbe,

333 4453 517 4547 Adparent
541 4483 549 4524 ι
578 4457 686 4551 primi
704 4457 842 4551 clipeos
860 4460 1083 4551 mentitaque
1102 4459 1172 4529 tela
1245 4476 1249 4485 ·

332 4567 592 4667 Adgnoscunt,
615 4591 723 4666 atque
741 4596 800 4642 ora
819 4597 911 4645 sono
923 4571 1106 4654 discordia
1126 4573 1276 4670 signant.

330 4681 434 4758 Ilicet
453 4684 639 4765 obruimur
653 4711 817 4767 numero.
852 4688 1064 4783 primusque
1083 4685 1272 4765 Coroebus
1304 4752 1313 4769 ,

1474 861 1549 934 149
