3750 6217
635 717 813 815 ²80
995 732 2044 817 GEORGICON
2161 730 2342 817 111.
2459 748 2818 839 v.193}

703 908 953 1002 Sitque
992 909 1339 981 laboranti
1382 909 1679 982 similis:
1738 925 1900 980 tum
1946 908 2263 981 cursibus
2302 932 2506 980 auras

705 1020 905 1094 Tum
939 1044 1191 1114 vocet,
1241 1050 1320 1095 ac
1355 1051 1481 1121 per
1519 1042 1753 1121 aperta
1787 1024 2039 1094 'volans
2065 1078 2086 1112 ,
2140 1049 2270 1095 ceu
2309 1023 2488 1095 liber
2523 1022 2863 1116 habenis»,

701 1137 1039 1234 Aequora
1062 1194 1083 1228 ,
1130 1141 1253 1210 vix
1289 1154 1572 1211 summa
1606 1139 1897 1236 vestigia
1936 1156 2163 1234 ponat
2201 1157 2439 1211 arenae

705 1255 999 1361 Qualis,
1050 1255 1533 1351 Hyperboreis
1581 1253 1853 1347 Aquilo
1906 1270 2139 1346 quom
2187 1255 2452 1327 densus
2491 1255 2581 1327 ab
2626 1257 2770 1328 oris

704 1371 1050 1442 Incubuit
1074 1426 1093 1460 ,
1139 1369 1606 1466 Scythiaeque
1651 1368 1966 1458 hiemes,
2022 1387 2237 1463 atque
2273 1369 2464 1442 arida
2502 1369 2731 1441 differt

703 1484 975 1556 Nubila
1017 1514 1034 1554 ε
1091 1504 1252 1556 tum
1290 1505 1555 1584 segetes
1603 1487 1780 1554 altae
1820 1485 2207 1579 campique
2246 1502 2573 1558 natantes

703 1587 1024 1672 Lenibus
1069 1602 1482 1673 horrescunt
1535 1599 1771 1671 flabris
1803 1653 1824 1687 ‚
1882 1588 2352 1694 summaeq⁰ue
2404 1582 2746 1672 sonorem

703 1713 902 1787 Dant
951 1717 1209 1806 silvae,
1257 1718 1609 1814 longique
1662 1733 1912 1812 urgent
1959 1713 2054 1784 ad
2103 1715 2308 1786 litora
2355 1713 2658 1786 fluctus:

701 1819 844 1902 Ille
888 1833 1087 1904 volat
1116 1884 1138 1920 ‚
1192 1832 1410 1904 simul
1450 1842 1608 1902 an'ra
1655 1826 1819 1927 fuga
1864 1829 2084 1901 simul
2123 1849 2431 1924 aequora
2474 1853 2772 1901 verrens.

701 1945 900 2018 Hinc
937 1948 1053 2017 vel
1094 1946 1187 2017 ad
1225 1947 1379 2018 Elei
1422 1962 1647 2019 metas
1682 1963 1753 2016 et
1788 1962 2132 2015 maxuma
2170 1947 2409 2041 campi

704 2054 1008 2133 Sudabit
1043 2062 1267 2157 spatia
1301 2116 1322 2151 ‚
1379 2073 1452 2134 et
1491 2078 1787 2157 spumas
1821 2080 1979 2159 aget
2016 2081 2136 2132 ore
2184 2079 2541 2133 cruentas:

701 2175 987 2274 Belgica
1024 2178 1139 2246 vel
1180 2178 1393 2247 r'nolli
1429 2179 1689 2249 melius
1726 2173 1898 2249 feret
1935 2177 2177 2249 esseda
2210 2178 2426 2248 collo,

704 2289 907 2362 Tum
949 2291 1251 2363 demum
1289 2316 1509 2364 crassa
1545 2308 1898 2390 magnum
1937 2290 2274 2390 farragine
2314 2314 2574 2387 corpus

603 2407 613 2417 '
705 2402 1032 2480 Crescere
1061 2409 1215 2504 jam
1257 2406 1554 2482 domitis
1595 2408 1809 2480 sinito
1859 2436 1875 2475 ε
1934 2426 2253 2500 namque
2288 2426 2448 2478 ante
2488 2405 2948 2477 domandum

635 2597 642 2605 ,
701 2522 1027 2621 Ingentis
1067 2524 1327 2596 tollent
1361 2525 1647 2596 animos
1670 2577 1691 2614 ‚
1731 2523 2118 2619 prensique
2155 2523 2521 2621 negabunt

600 2628 606 2637 ’
697 2631 1021 2717 Verbera
1059 2640 1249 2710 lenta
1288 2641 1481 2734 pati,
1525 2659 1596 2711 et
1631 2639 1824 2711 duris
1857 2655 2095 2734 'parere
2136 2639 2419 2734 lupatis.

686 2843 690 2846 ῃ
819 2753 962 2827 Sed
1004 2779 1158 2826 non
1204 2757 1353 2826 ulla
1396 2756 1625 2854 magis
1652 2755 1847 2827 vires
1896 2754 2238 2826 industria
2280 2753 2513 2825 firmat
2543 2797 2566 2844 ‚

704 2867 960 2975 Quam
987 2866 1348 2942 Venerem
1390 2883 1461 2942 et
1494 2871 1679 2942 caeci
1717 2871 2051 2942 stimulos
2090 2888 2386 2941 avertere
2425 2869 2731 2956 amorim

703 2975 866 3058 Sive
903 2984 1177 3076 boum,
1233 2988 1377 3059 sive
1418 3004 1524 3058 est
1562 2986 1679 3058 cui
1721 2986 1976 3084 gratior
2022 3008 2193 3057 usus
2232 3009 2610 3079 equorum.

703 3097 946 3195 Atque
991 3100 1158 3174 ideo
1212 3122 1453 3175 tauros
1492 3103 1749 3198 procul
1787 3118 2003 3196 atque
2040 3101 2118 3171 in
2159 3101 2315 3172 sola
2350 3102 2664 3197 relegant

703 3213 1002 3306 Pascua,
1048 3235 1219 3312 post
1255 3236 1589 3288 montem
1633 3217 2098 3311 oppositum,
2136 3234 2207 3286 et
2244 3235 2432 3288 trans
2471 3212 2777 3284 flumina
2813 3211 2996 3280 latat

702 3328 854 3402 Aut
889 3331 1083 3402 intus
1118 3332 1402 3404 clausos
1437 3351 1667 3404 satura
1703 3333 1797 3402 ad
1833 3332 2195 3426 praesepia
2236 3347 2531 3403 servant.

704 3441 953 3540 Carpit
988 3447 1187 3516 enim
1223 3447 1404 3518 vires
1433 3447 1809 3541 paullatim
1836 3500 1856 3536 ,
1906 3446 2193 3540 uritque
2222 3444 2540 3517 videndo
2617 3504 2625 3512 .

701 3557 1005 3631 Femina
1053 3589 1068 3629 :
1128 3584 1260 3631 nec
1296 3580 1687 3631 nemorum
1723 3563 1988 3656 patitur
2019 3562 2438 3634 meminisse
2471 3615 2493 3651 ,
2545 3583 2678 3631 nec
2716 3557 2992 3632 herbae.

700 3670 1061 3748 Dulcibus
1100 3675 1221 3747 illa
1264 3675 1563 3770 quidem
1601 3676 1970 3748 inlecebris
2011 3695 2080 3748 et
2121 3667 2329 3772 saepe
2366 3674 2716 3772 superbos

704 3789 1065 3863 Cornibus
1100 3791 1278 3863 inter
1318 3817 1391 3865 se
1428 3793 1696 3891 subigit
1730 3793 2100 3864 decernere
2139 3793 2464 3865 amantis.
