3750 6217
1286 591 1291 624 l

1289 629 1310 666 b

581 689 1033 807 lrrrrnos
1090 732 1138 805 x.
1196 752 1230 803 a
1275 754 1341 828 94·
1484 749 1560 823 337

353 896 452 968 Tum
474 894 594 968 decuit
612 898 874 972 metuissetuis
896 928 904 967 t
934 923 1032 970 nunc
1054 913 1126 970 sera·
1146 894 1301 991 querelis

353 1012 462 1084 Haud
476 1012 583 1109 justis
599 1013 779 1110 adsurgis,
801 1031 836 1083 et
856 1015 958 1085 inrita
973 1014 1089 1111 jurgia
1104 1015 1223 1110 jactas.

410 1125 563 1197 Talibus
584 1127 707 1198 orabat
721 1128 820 1217 Juno
842 1155 851 1199 r
881 1128 1076 1221 cunctique
1095 1124 1296 1197 fremebant

353 1241 562 1319 Coelicolae
580 1241 733 1313 adsensu
750 1242 858 1314 vario.
899 1267 964 1340 ceu
984 1241 1130 1314 flamina
1149 1242 1288 1336 prima,

289 1356 293 1363 ’
354 1354 489 1459 Quom
504 1356 668 1449 depressa
688 1354 846 1429 fremunt
862 1358 981 1446 silvis,
1003 1367 1040 1428 e‘t
1059 1381 1160 1427 caeca
1179 1355 1345 1425 volutant

342 1469 559 1557 Murmura,
584 1489 752 1544 venturos
771 1459 889 1544 nautis
908 1472 1098 1568 prodentia
1118 1485 1254 1542 ventos:

353 1582 453 1654 Tum
473 1603 570 1679 pater
590 1569 848 1679 omnipotens,
873 1606 991 1658 rerum
1011 1587 1069 1659 cui
1090 1611 1233 1659 summa
1253 1600 1433 1678 potestas,

356 1698 451 1769 Infit.
491 1724 536 1770 eo
557 1690 698 1770 dicente
719 1700 830 1771 desim
851 1701 985 1774 domus
1002 1705 1072 1773 alta
1093 1700 1246 1788 silescit,

353 1811 399 1884 Et
415 1797 618 1885 tremefacta
639 1816 720 1885 solo
740 1817 866 1896 tellus;
891 1818 971 1889 silet
991 1817 1120 1888 arduus
1140 1815 1275 1886 aether:

353 1925 454 1997 Tum
475 1927 633 2023 Zephyri
653 1953 807 2023 posuere
833 1958 841 1997 :
869 1933 1003 2025 premit
1021 1930 1161 2026 placida
1182 1951 1337 2021 aequora
1357 1943 1506 2020 pontus·

411 2041 580 2137 Adcipite
598 2068 680 2140 ergo
703 2044 853 2134 animis,
877 2060 984 2140 atque
1002 2024 1088 2117 haec
1108 2070 1188 2115 mea
1205 2042 1301 2140 figite
1319 2042 1424 2112 dieta.
1460 2089 1462 2094 -

356 2154 672 2260 Quandoquidem
691 2158 876 2232 Ausonios
897 2159 1234 2259 conjungifoedere
1254 2156 1403 2228 Teucris

356 2270 646 2353 Haudlicitumr
669 2297 736 2344 nec
755 2292 865 2345 vestra
885 2276 982 2369 capit
1001 2274 1179 2347 discordia
1197 2272 1332 2342 linem:

356 2383 460 2488 Quae
481 2387 612 2478 cuique
628 2376 679 2458 est
697 2385 839 2459 fortuna
856 2388 989 2478 hodie,
1011 2398 1125 2482 quam
1148 2387 1302 2479 quisque
1322 2402 1416 2458 secat
1435 2408 1563 2484 spem,

355 2499 448 2571 Tros
466 2499 663 2572 Rutulusve
682 2499 781 2593 fuat,
804 2503 909 2572 nullo
933 2502 1139 2573 discrimine
1155 2498 1309 2572 habebo.-

357 2611 427 2683 Seu
447 2611 527 2686 fatis
547 2614 681 2685 Italum
703 2636 811 2688 castra
830 2597 1022 2688 obsidione
1041 2633 1225 2704 tenentur,

354 2725 435 2798 Sive
455 2746 568 2801 erroro
586 2730 686 2800 malo
704 2730 835 2803 Troiae
853 2731 1079 2823 monitisque
1099 2728 1270 2801 sinistris}

354 2838 430 2912 Nec
449 2841 605 2913 Rutulos
627 2845 730 2914 solvo
752 2860 760 2911 t
790 2868 853 2916 sua
872 2839 1004 2938 cuique
1024 2869 1145 2916 exorsa
1162 2843 1327 2912 laborem
1379 2916 1381 2920 ,

352 2939 625 3048 Fortunamque
646 2954 767 3028 ferent
806 2982 867 3027 rex
881 2957 1050 3060 juppiter
1070 2956 1243 3029 omnibus
1261 2955 1377 3028 idem·

354 3068 439 3141 Fata
458 3069 555 3139 'viam
580 3070 772 3143 invenient
812 3069 923 3169 Stygii
941 3098 1006 3166 per
1022 3070 1174 3144 flumina
1193 3047 1325 3185 fratris,

354 3185 476 3255 Per
439 3209 520 3279 prce
539 3185 703 3258 torrentis
721 3204 866 3279 atraque
883 3169 1051 3283 voragine
1068 3188 1202 3280 ripas

291 3296 516 3408 sAdnuit,
541 3317 577 3370 et
593 3315 715 3370 totum
734 3309 826 3372 nutu'
843 3299 1040 3372 tremefecit
1057 3302 1275 3395 Olympum

353 3412 424 3484 Hic
442 3414 524 3486 finis
543 3410 654 3485 fandi
696 3396 789 3486 solio
810 3424 892 3486 tuni
908 3393 1077 3524 luppiter
1093 3433 1199 3487 aureo

353 3525 489 3628 Surgit,
514 3530 710 3601 coelicolae
734 3513 899 3600 medium
918 3548 1031 3623 quem
1050 3531 1097 3602 ad
1118 3516 1242 3601 limina
1262 3507 1411 3603 ducunt.

410 3644 547 3717 Interea
567 3643 694 3718 liutull
711 3645 827 3739 portis
847 3645 983 3717 circum
1004 3643 1205 3717 omnibus
1196 3662 1330 3716 rrrstant

354 3756 514 3831 Sternere
531 3758 638 3830 caede
657 3760 777 3850 viros,
804 3766 839 3832 et
860 3760 1008 3831 moenia
1027 3761 1165 3857 cingere
1185 3757 1354 3855 flammise
1388 3791 1390 3796 ·

353 3872 401 3944 At
420 3872 514 3969 legio·
534 3870 748 3944 Aeneadum
764 3876 868 3946 vallis
888 3873 1031 3947 obsessa
1048 3892 1203 3976 tenetur:

353 3986 430 4057 Nec
446 4009 528 4079 spes
548 3987 622 4056 ulla
639 3984 755 4084 fugae.
794 3989 915 4061 miseri
935 4008 1030 4060 stant
1048 3987 1201 4060 turribus
1219 3988 1300 4060 altis

354 4088 643 4194 Nequidquam,
668 4113 704 4170 et
721 4118 794 4171 rara
813 4125 939 4194 muros
958 4104 1099 4197 cinxere
1119 4117 1262 4174 coronat

352 4214 460 4287 Asius
482 4213 721 4303 Imbrasides,
744 4214 1054 4310 Hicetaoniusque
1073 4215 1325 4311 Thymoetes,

354 4328 587 4421 Assaracique
606 4327 707 4417 duo,
728 4347 765 4400 et
784 4329 903 4401 s'enior
922 4356 1007 4403 cum
1028 4330 1174 4403 Castore
1184 4309 1417 4426 '‘l'llymbris,

356 4442 476 4514 Prima
492 4444 595 4516 aciesr
634 4432 716 4517 Hos
736 4445 895 4542 germani
913 4438 1129 4541 Sarpedonis
1147 4446 1284 4537 ambo,

355 4544 403 4630 Et
421 4554 570 4649 Clarus,
598 4568 636 4632 εἰ
652 4555 827 4633 Themon
837 4612 850 4651 ,
872 4553 982 4655 Lycia
997 4561 1217 4647 ¹comitantur
1234 4560 1281 4633 ab
1300 4560 1380 4634 alta.

1245 4675 1278 4750 U
1296 4702 1322 4749 u
