3750 6217
705 780 816 856 μ
1069 760 2117 837 oront-‚reon
2228 762 2293 834 1.
2406 788 2477 834 v.
2582 764 2737 857 ³⁵8

701 927 1087 1003 Montibus
1134 928 1356 998 audiri
1406 926 1636 1029 fragor
1679 960 1696 997 t
1757 948 1879 1002 aut
1918 930 2319 1000 resonantia
2358 929 2577 1025 longe

705 1044 950 1117 Litora
986 1043 1264 1115 misceri
1289 1097 1311 1132 ‚
1353 1064 1424 1115 et
1457 1071 1844 1117 nemorum
1888 1043 2387 1115 increbrescere
2428 1066 2775 1115 murmur.

693 1160 860 1252 Jam
903 1158 1037 1231 sibi
1071 1176 1232 1231 tum
1271 1162 1498 1232 curvis
1536 1163 1724 1231 male
1759 1177 2109 1253 temperat
2150 1158 2347 1230 unda
2391 1156 2688 1249 cariniS,

705 1276 967 1379 Quom
1010 1274 1258 1344 medio
1309 1276 1565 1347 celeres
1603 1278 1923 1346 revolant
1962 1298 2054 1345 ex
2096 1298 2409 1367 aequore
2462 1275 2741 1371 mergi,

701 1389 1265 1481 clamoremque
1308 1387 1542 1461 ferunt
1581 1389 1668 1460 ad
1715 1391 1923 1460 litora
1964 1416 1980 1457 :
2032 1412 2415 1482 quomque
2456 1388 2773 1459 marinae

705 1506 794 1575 In
837 1504 1025 1575 sicco
1061 1503 1323 1575 ludunt
1355 1502 1610 1575 fulicae
1645 1533 1661 1573 z
1709 1524 2062 1597 notasque
2102 1504 2405 1598 paludes

703 1618 982 1691 Deserit
1005 1673 1028 1707 ‚
1076 1638 1294 1712 atque
1333 1621 1551 1691 altam
1600 1644 1812 1713 supra
1860 1620 2057 1689 volat
2094 1619 2303 1689 ardea
2354 1618 2652 1690 nubem.

701 1733 927 1828 Saepe
971 1734 1186 1805 etiam
1237 1735 1471 1806 stellas
1500 1788 1523 1822 ‚
1567 1752 1784 1805 vento
1829 1733 2305 1827 inpendente,
2352 1733 2639 1807 videbis

705 1849 1129 1943 Praecipites
1167 1851 1376 1920 coelo
1429 1848 1574 1920 labi
1608 1905 1629 1939 ‚
1681 1848 2061 1941 noctisque
2102 1874 2229 1943 per
2266 1847 2601 1920 umbram

703 1966 1192 2035 Flammarum
1229 1966 1492 2063 longos
1532 1990 1573 2034 a
1612 1984 1808 2063 tergo
1850 1963 2203 2035 albescere
2241 1954 2499 2035 tractus
2534 1993 2549 2031 :

701 2080 925 2175 Saepe
963 2081 1195 2151 levem
1232 2080 1514 2174 paleam
1555 2098 1626 2150 et
1657 2077 1948 2150 frondes
1986 2079 2281 2151 volitare
2316 2078 2617 2150 caducas
2640 2131 2665 2169 ,

701 2194 851 2268 Aut
889 2219 1170 2266 summa
1209 2195 1444 2266 nantis
1482 2194 1560 2263 in
1598 2219 1785 2288 aqua
1828 2193 2213 2264 conludere
2249 2195 2563 2288 plumas.

705 2311 802 2383 At
845 2311 1106 2381 Boreae
1153 2309 1243 2379 de
1287 2329 1483 2402 parte
1528 2311 1742 2380 trucis
1781 2333 2017 2402 quom
2059 2307 2396 2380 fulminat
2427 2362 2449 2398 ,
2506 2328 2579 2381 et
2622 2332 2859 2402 quom

708 2425 1020 2518 Eurique
1061 2424 1520 2518 Zephyrique
1567 2442 1767 2495 tonat
1813 2422 2132 2503 domus;
2179 2425 2429 2494 omnia
2469 2426 2709 2519 plenis
2804 2462 2813 2469 ·

702 2540 894 2611 Rura
930 2558 1176 2612 natant
1218 2537 1470 2628 fossis,
1520 2557 1734 2632 atque
1780 2540 2025 2610 omnis
2068 2539 2301 2610 navita
2341 2558 2574 2633 ponto

705 2654 1032 2726 Humida
1075 2655 1232 2724 vela
1281 2654 1472 2752 legit.
1545 2678 1955 2747 numquam
2006 2654 2554 2748 inprudentibus
2597 2652 2835 2725 imber

704 2768 972 2843 Obfuit
1019 2799 1036 2840 ε
1095 2787 1217 2841 aut
1260 2768 1470 2840 iUum
1511 2788 1913 2868 surgentem
1950 2769 2257 2841 vallibus
2302 2770 2472 2842 imis

700 2884 948 2957 Aeriae
991 2883 1232 2985 fugere
1272 2908 1474 2983 grues
1512 2914 1528 2953 z
1590 2904 1714 2957 aut
1759 2885 2024 2956 bucula
2064 2887 2355 2956 coelum

701 3000 1108 3096 Suspiciens
1149 3002 1416 3095 patulis
1459 3003 1770 3096 captavit
1804 2999 2095 3072 naribus
2137 3024 2379 3070 auras=

701 3115 852 3189 Aut
889 3136 1131 3214 arguta
1165 3118 1360 3190 lacus
1395 3115 1989 3188 circumvolitavit
2023 3115 2333 3185 hirundo
2360 3142 2376 3183 ε

703 3231 795 3305 Et
824 3248 1132 3301 veterem
1172 3232 1249 3300 in
1285 3233 1468 3302 limo
1509 3256 1716 3302 ranae
1752 3232 2064 3302 cecinere
2111 3231 2499 3325 querelam.

703 3345 999 3438 Saepius
1037 3361 1111 3417 et
1145 3345 1346 3417 tectis
1387 3344 1870 3440 penetralibus
1906 3346 2163 3418 extulit
2203 3371 2339 3417 ova

701 3459 1115 3558 Angustum
1153 3456 1453 3529 formica
1488 3476 1720 3531 terens
1759 3461 1889 3532 iter
1924 3489 1938 3527 ε
1986 3479 2058 3532 et
2095 3460 2283 3532 bibit
2322 3461 2579 3558 ingens

701 3572 930 3647 Arcus
977 3600 993 3641 ε
1053 3590 1124 3643 et
1171 3598 1208 3642 e
1255 3592 1464 3667 pastu
1514 3572 1867 3647 decedens
1919 3577 2204 3674 agmine
2256 3599 2527 3673 magno

703 3688 1106 3761 Corvomm
1160 3688 1513 3785 increpuit
1559 3689 1798 3763 densis
1839 3692 2184 3765 exercitus
2230 3691 2379 3764 alis.

691 3804 858 3896 Jam
897 3802 1123 3875 variae
1167 3805 1403 3904 pelagi
1441 3807 1764 3878 volucres
1793 3860 1814 3894 ‚
1859 3824 1932 3878 et
1983 3831 2169 3901 quae
2219 3805 2387 3879 Asia
2427 3806 2699 3879 circum
