3750 6217
480 706 1143 784 oronorcourv.
1204 736 1237 782 v.
1285 734 1377 805 424.

326 875 412 969 Jam
427 876 574 971 rapidus
593 896 729 950 torrens
747 879 897 951 sitientis
915 875 1023 948 Sirius
1043 877 1176 965 Indos,

331 990 488 1064 Ardebat
499 1025 509 1071 ;
533 996 636 1064 coelo
658 1013 693 1066 et
711 994 876 1064 medium
896 995 953 1063 sol
972 994 1097 1090 igneus
1113 993 1240 1063 orbem

333 1108 528 1186 Hauserat;
548 1107 693 1180 arebant
710 1108 862 1196 herbae,
885 1126 920 1178 et
940 1131 1024 1177 cava
1041 1106 1192 1177 flumina
1210 1107 1309 1179 siccis

332 1221 511 1295 Faucibus
530 1224 577 1294 ad
597 1225 727 1295 limum
748 1224 836 1294 radii
853 1219 1028 1316 tepefacta
1048 1221 1271 1315 coquebant:

333 1338 463 1444 Quom
484 1338 632 1410 Proteus
652 1359 822 1412 consueta
839 1359 967 1433 petens
986 1363 1006 1407 e
1022 1335 1192 1409 fluctibus
1208 1355 1305 1409 antra

334 1453 427 1525 Ibat
469 1478 553 1523 eum
572 1455 660 1526 vasti
681 1456 814 1526 circum
832 1478 918 1553 gens
936 1452 1086 1523 humida
1105 1451 1212 1559 ponti

332 1568 523 1641 Exsultans
540 1594 656 1639 rorem
676 1572 746 1641 late
763 1569 929 1663 dispersit
947 1592 1118 1639 amarum.

333 1684 500 1757 Sternunt
518 1708 554 1756 se
572 1703 705 1756 somno
726 1685 882 1756 diversae
902 1685 946 1753 in'
961 1685 1065 1755 litore
1085 1685 1234 1778 phocae.

333 1801 442 1896 Ipse,
466 1801 564 1870 velut
583 1800 713 1871 stabuli
732 1820 853 1872 custos
872 1801 910 1869 in
928 1799 1118 1870 montibus
1136 1800 1251 1888 olim,

332 1912 474 2010 Vesper
492 1913 554 1985 ubi
576 1941 595 1986 e
615 1934 721 2010 pastu
739 1916 874 1987 vitulos
894 1916 942 1985 ad
960 1932 1051 1986 tecta
1070 1913 1233 2003 reducit,

332 2030 548 2122 Auditisque
568 2031 678 2125 lupos
695 2050 827 2103 acuunt
845 2029 1024 2101 balatibus
1041 2031 1147 2128 agni,

336 2145 506 2218 Considit
526 2148 679 2241 scopulo
698 2147 859 2236 medius,
880 2170 1148 2238 numerumque
1166 2162 1338 2217 recensett

333 2261 447 2361 Cujus
466 2258 625 2333 Aristaeo
646 2263 823 2356 quoniam
844 2280 897 2333 est
916 2260 1037 2333 oblata
1053 2260 1223 2348 facultas,

334 2372 411 2448 Vix
430 2374 567 2448 defessa
586 2401 708 2449 senem
726 2403 850 2472 passus
867 2391 1074 2472 conponere
1091 2375 1274 2466 membra,

332 2490 429 2564 Cum
448 2492 604 2565 clamore
623 2496 693 2567 ruit
708 2507 864 2593 magno,
888 2494 1113 2586 manicisque
1127 2497 1306 2588 jacentem

333 2606 507 2703 Occupat.
544 2611 606 2680 ille
627 2634 709 2684 suae
730 2629 853 2680 contra
873 2632 950 2678 non
969 2609 1152 2678 inmemor
1171 2607 1280 2696 artis,

335 2722 470 2794 Omnia
489 2722 717 2797 transformat
736 2748 811 2796 sese
832 2724 869 2792 in
887 2724 1057 2793 miracula
1075 2747 1217 2810 rerum,

334 2835 552 2934 Ignemque,
573 2839 855 2931 horribilemque
871 2836 1008 2925 feram,
1031 2836 1258 2928 fluviumque
1275 2837 1486 2929 liquentem.

333 2946 494 3042 Verum,
515 2954 578 3023 ubi
598 2956 698 3024 nulla
716 2953 839 3050 lugam
858 2952 988 3044 reperit
1004 2951 1179 3044 pellacia,
1199 2950 1314 3023 victus

334 3065 379 3136 In
399 3092 473 3139 sese
490 3067 603 3157 redit,
626 3087 734 3162 atque
752 3066 911 3138 hominis
931 3066 1079 3137 tandem
1102 3089 1162 3134 ore
1180 3066 1343 3139 locutusz

334 3178 430 3250 Nam
451 3182 534 3273 quis
552 3200 609 3271 te,
628 3185 804 3282 juvenum
824 3180 1153 3269 confidentissimo,
1176 3198 1314 3256 nostras

328 3293 442 3383 jussit
459 3295 554 3367 adire
574 3295 741 3369 domus?
771 3294 905 3391 quidve
924 3297 1008 3367 hinc
1028 3297 1121 3390 petis
1143 3297 1159 3366 ?
1188 3297 1318 3390 inquit.
1359 3296 1497 3372 atille:

331 3407 430 3498 Scis,
453 3410 601 3502 Proteu,
624 3414 691 3486 scis
711 3415 789 3508 ipse
798 3440 816 3479 -z
845 3436 964 3505 neque
982 3430 1034 3482 est
1055 3430 1091 3483 te
1108 3410 1229 3483 fallere
1247 3414 1461 3510 quidquam.

335 3522 405 3595 Sed
424 3543 464 3597 tu
484 3525 607 3600 desine
624 3530 727 3600 velle.
768 3528 880 3598 deum
897 3542 1085 3621 praecepta
1106 3528 1216 3600 secuti

318 3638 515 3712 'Venimus
533 3644 617 3717 hinc
637 3645 745 3717 labsis
763 3644 967 3738 quaesitum
988 3644 1128 3714 oracula
1146 3640 1259 3716 rebus.

333 3754 496 3828 Tantum
514 3756 647 3832 ellams.
684 3760 730 3830 ad
749 3760 835 3829 haec
851 3776 949 3829 vates
967 3759 1003 3828 vi
1022 3758 1181 3852 denique
1198 3760 1316 3830 multa

333 3870 500 3943 Ardentis
519 3876 646 3945 oculos
665 3875 806 3946 intorsit
824 3872 965 3944 lumine
984 3875 1133 3973 glauco,

334 3985 379 4058 Et
399 3988 546 4085 graviter
565 3987 754 4080 frendens,
778 3991 827 4062 sic
846 3988 928 4063 fatis
949 4015 1009 4060 ora
1025 3989 1190 4062 resolvit:

393 4099 481 4173 Non
501 4121 536 4176 te
556 4106 692 4178 nullius
709 4126 872 4179 exercent
890 4106 1052 4179 numinis
1070 4107 1149 4177 irae.

334 4213 466 4314 Magna
485 4219 555 4292 luis
573 4224 753 4295 conmissa
773 4252 781 4291 z
810 4224 877 4295 tibi
896 4225 959 4295 has
977 4222 1189 4297 miserabilis
1208 4220 1376 4317 Orpheus

336 4329 443 4402 Haud
463 4357 651 4429 quaquam
670 4337 720 4409 ob
740 4340 908 4410 meritum
923 4363 1083 4435 poenas,
1105 4339 1144 4409 ni
1162 4339 1233 4412 fata
1251 4341 1433 4431 resistant,

335 4444 507 4529 Suscitat;
531 4469 566 4522 et
582 4472 682 4546 rapta
700 4454 847 4553 graviter
865 4481 931 4550 pro
951 4458 1106 4555 conjuge
1125 4457 1243 4527 saevit.

335 4560 404 4634 Illa
421 4564 594 4657 quidem,
612 4567 703 4640 dum
722 4588 758 4641 te
775 4568 911 4669 fugeret
929 4596 993 4671 per
1009 4569 1164 4641 flumina
1181 4596 1369 4669 praeceps,

1278 4691 1316 4766 Ο
