3750 6217
517 756 1326 870 Anniinbsvie3m.
1459 784 1536 873 ης

330 932 487 1021 Portitor
507 931 592 1036 ille,
616 936 790 1018 Charon:
819 927 877 1036 'h'i3
904 950 998 1040 quos'
1016 947 1113 1017 vehit
1130 944 1256 1034 unda,
1280 929 1422 1038 sepultii

330 1065 408 1136 Nec
427 1064 522 1157 ripas
541 1063 644 1134 datur
662 1062 856 1135 horrendas
875 1079 911 1134 et
928 1084 1029 1133 rauca
1048 1057 1183 1133 fluenta

332 1180 586 1274 Transpottare
604 1179 726 1272 prius3
754 1187 866 1272 quarn
887 1176 1032 1250 sedibus
1053 1198 1134 1251 ossa
1153 1160 1330 1271 quierunte

333 1295 492 1371 Centum
512 1309 783 1384 assentaneus,
803 1295 1032 1387 volitantque
1051 1284 1136 1365 haec
1154 1274 1258 1364 litora
1276 1290 1427 1364 circumi

332 1404 432 1483 Tum
453 1411 606 1481 demum
626 1410 773 1482 admissi
794 1420 915 1510 stagna
935 1425 1106 1504 exoptata
1125 1404 1292 1481 revisunt.

333 1510 507 1599 Constitit
525 1511 679 1598 Anchisa
700 1534 818 1618 satus,
843 1534 879 1600 e't
897 1520 1046 1625 vestigia
1065 1524 1216 1621 pressit}

333 1626 450 1714 Multa
471 1650 625 1746 putenm
649 1649 878 1736 sortemque
874 1637 999 1713 animo
1019 1641 1207 1714 miseratus
1225 1620 1401 1732 iniquam

335 1748 459 1830 Cernit
478 1756 529 1827 ibi
548 1773 706 1829 maestos
726 1764 761 1829 et
777 1742 905 1830 mortis
923 1758 1063 1828 honore
1081 1755 1259 1844 carentes,

334 1857 573 1966 Leucaspim,
592 1889 627 1942 et
645 1871 776 1967 Lyciae
793 1872 982 1946 ductorem
1001 1871 1120 1945 classis
1137 1871 1322 1942 Oronten}

337 1985 461 2093 Quos,
483 1988 591 2098 simul
611 2011 631 2058 a
651 1968 763 2058 Troia
776 1991 927 2061 ventosa
947 1996 1183 2083 peraequata
1201 2004 1346 2076 vectos,

336 2100 469 2174 Obruit
488 2099 636 2192 Auster,
655 2128 747 2197 aqua
765 2104 955 2177 involvens
971 2113 1175 2195 navemque
1193 2100 1370 2195 virusque.

393 2218 484 2290 Ecce
501 2213 714 2316 gubernator
733 2236 809 2291 sese
828 2218 1016 2290 Palinurus
1036 2202 1181 2317 agebat}

338 2326 415 2439 Qui
438 2326 577 2428 Libyco
597 2352 714 2471 nuper
730 2352 857 2425 cursu,
876 2334 969 2405 diam
988 2318 1101 2406 sidera
1120 2337 1256 2424 servat,
1340 2422 1343 2431 Ι

335 2439 523 2523 Excidunt
541 2444 679 2546 puppi,
700 2447 832 2522 mediis
848 2446 1008 2521 effusus
998 2473 1038 2521 m
1057 2448 1175 2520 undis.

338 2563 446 2636 Hunc
463 2548 580 2636 ubi
547 2588 608 2635 tux
624 2568 740 2636 multa
759 2570 938 2637 maestum
957 2562 1128 2662 cognouit
1148 2563 1186 2633 in
1206 2544 1357 2657 umbra,

338 2679 395 2752 Sic
415 2682 513 2774 priot
532 2679 742 2774 adloquitur
763 2691 771 2749 t
801 2662 896 2785 Quis
914 2686 972 2769 ie,
991 2659 1175 2768 Palinure,
1197 2672 1350 2751 deorum

339 2786 481 2891 Eripuit
497 2788 625 2883 nobis,
650 2792 849 2888 medioque
870 2782 937 2867 sub'
957 2802 1111 2888 aequore
1128 2782 1284 2867 mersit?

339 2910 408 2982 Dic
428 2930 502 3009 age
542 2922 702 3003 natnque
721 2894 813 2982 inibi
830 2905 939 2981 fallax
955 2892 1052 2981 haud
1070 2916 1153 2981 anie
1170 2917 1327 3004 'repertus'

340 3024 422 3096 Hoc
442 3049 519 3096 uno
539 3045 712 3119 responsu
733 3010 898 3096 animum
915 3014 1048 3097 delusit
1064 3005 1223 3118 Apollo}

340 3140 416 3245 Qui
436 3139 567 3212 fosete
587 3148 705 3234 ponto
724 3130 965 3230 incolumem,
986 3138 1140 3270 finisque·
1160 3122 1308 3212 canebat

339 3254 546 3328 Venturum
565 3238 760 3327 Ausonios
800 3274 846 3326 en
866 3247 952 3327 haec
970 3246 1148 3363 promissa
1166 3236 1254 3327 fides
1274 3256 1350 3330 est!

341 3370 409 3441 Ille
429 3389 578 3445 autem.
609 3366 739 3465 Neque
759 3376 795 3442 t'e
812 3352 951 3442 Phoebi
970 3366 1105 3445 cortina
1122 3351 1269 3462 fefellit,

341 3485 428 3556 Dun
445 3470 679 3577 Anchisiada,
702 3499 769 3558 nec
787 3496 848 3557 me
868 3486 957 3560 deus
960 3502 1128 3597 aequore
1147 3474 1279 3560 mersit

341 3599 512 3714 Namque
529 3594 784 3702 gerbemaclum
798 3602 964 3674 multa
930 3624 968 3675 vt
986 3587 1078 3675 forte
1097 3600 1301 3693 teudinum,

276 3786 280 3795 ,
342 3704 412 3788 Cui
432 3712 535 3791 datus
550 3703 738 3790 haerebam
762 3736 906 3811 eunus,
932 3726 1126 3823 cursusque
1146 3718 1335 3819 regebam,

343 3830 581 3926 Praecipitatus
599 3832 688 3906 traxi
707 3851 862 3906 mecum
903 3835 1013 3906 maria
1030 3848 1149 3931 a'speta
1161 3838 1262 3934 juro,

343 3945 430 4018 Non
449 3950 567 4020 ullum
587 3965 653 4045 pro
673 3970 734 4021 me
752 3962 893 4023 tantmn
911 3944 1047 4046 'cepisse
1064 3951 1252 4041 timorem,

346 4061 469 4169 Quam
489 4084 549 4136 tua
568 4063 608 4137 ni
629 4062 781 4160 spoliata
798 4066 927 4156 armis,
948 4073 1091 4139 excussa
1110 4068 1301 4166 magistro,

345 4176 518 4253 Deficeret
536 4183 643 4254 tantis
662 4172 760 4252 navis
780 4180 1003 4280 surgentibus
1018 4174 1136 4254 undisr

345 4292 426 4369 Tris
446 4292 565 4370 Notus
582 4292 746 4369 hibernas
765 4296 926 4370 inmensa
944 4307 1009 4394 pet
1025 4311 1178 4391 aequata
1199 4314 1325 4377 noctes

345 4409 458 4484 Vexit
475 4438 536 4486 me
555 4414 736 4486 violentus
753 4435 845 4506 aqua
865 4427 874 4482 ἐ
902 4412 964 4485 vix
981 4405 1120 4485 lumine
1139 4422 1266 4511 quarto

347 4527 519 4626 Prospexi
538 4532 701 4620 Italiam,
725 4546 867 4604 summa·
886 4528 1051 4603 sublimis
1068 4524 1115 4601 ab
1131 4532 1238 4605 unda.

328 4645 538 4753 'Paullatim
559 4640 737 4719 adnabam
757 4664 890 4719 temer
915 4651 991 4747 jam
1010 4663 1087 4720 tuta
1105 4648 1295 4730 tenebam

1223 4766 1347 4842 Hha
