3750 6217
549 741 653 826 AE
682 752 779 850 N'E
808 755 826 825 1
857 754 892 826 D
920 750 1011 828 OS
1067 753 1177 879 xl,
1206 780 1240 828 v.
1274 782 1349 854 -94,
1484 759 1564 853 365

351 913 554 1011 Postquam
575 918 698 994 omnis
716 920 825 1017 longe
846 919 1026 990 comitum
1043 938 1261 1014 processerat
1281 920 1392 1012 ordo,

351 1030 515 1104 Substitit
532 1031 689 1122 Aeneas,
712 1034 922 1131 gemituque
941 1033 1029 1105 haec
1046 1033 1186 1105 addidit
1205 1037 1300 1105 alto:

351 1142 431 1218 Nos
451 1147 537 1218 alias
558 1148 642 1219 hinc
655 1149 704 1217 -ad
723 1147 884 1219 lacrimas
904 1148 1030 1218 eadem
1050 1148 1191 1219 horrida
1212 1148 1300 1219 belli

351 1257 436 1331 Fata
451 1282 593 1334 vocant.
634 1263 727 1333 salve
747 1280 930 1342 aeternum
952 1263 1064 1359 mihi,
1085 1287 1258 1334 maxume
1277 1264 1402 1358 Palla,

350 1373 618 1469 Aeternumque
638 1379 728 1447 vale.
769 1401 836 1465 nec
856 1379 960 1470 plura
981 1376 1106 1448 effatus
1125 1378 1171 1448 ad
1192 1381 1285 1450 altos

350 1486 541 1570 Tendebat
561 1515 708 1584 muros,
731 1515 965 1588 gressumque
988 1491 1025 1559 in
1044 1509 1152 1562 castra
1172 1491 1315 1566 ferebat

402 1602 559 1699 Jamque
582 1624 737 1686 oratores
756 1605 902 1675 aderant
917 1627 962 1673 ex
983 1604 1069 1676 urbe
1088 1604 1236 1698 Latina,

350 1715 471 1790 Velati
490 1721 596 1790 ramis
621 1721 747 1807 oleae,
769 1720 987 1810 veniamque
1009 1739 1199 1816 rogantes:

349 1830 534 1927 Corpora,
556 1859 620 1928 per
641 1856 792 1927 campos
813 1831 902 1902 ferro
925 1856 1017 1923 quae
1039 1833 1116 1906 fusa
1133 1836 1324 1932 jacebant,

258 1969 259 1975 ¹
348 1943 544 2036 Redderet,
567 1973 607 2019 ac
627 1951 772 2019 tumulo
795 1947 923 2018 sineret
945 1949 1129 2019 succedere
1150 1957 1275 2022 terra'e:
1300 1932 1303 1941 ¹

343 2058 502 2159 ‘Nullum
526 2087 609 2143 cum
631 2063 732 2133 victis
754 2080 933 2132 certamen
951 2080 986 2133 et
1007 2065 1143 2134 aethere
1161 2066 1289 2136 cassis:

349 2171 504 2248 Parceret
524 2177 731 2270 hospitibus
752 2176 942 2269 quondam
961 2179 1162 2271 socerisque
1182 2182 1327 2252 vocatis.

347 2286 455 2395 Quos
475 2289 595 2364 bonus
617 2290 776 2381 Aeneas,
801 2290 900 2360 haud
922 2289 1167 2384 adspernanda
1187 2296 1385 2388 precantis,

346 2404 578 2507 Prosequitur
596 2409 718 2493 venia,
745 2424 780 2476 et
798 2403 915 2474 verbis
930 2405 1020 2507 'haec
1041 2406 1188 2500 insuper
1212 2409 1332 2487 addin

403 2518 592 2626 Quaenam
612 2546 678 2594 vos
695 2537 796 2594 tanto
817 2516 960 2593 fortuna
980 2518 1150 2617 indigna,
1174 2521 1313 2616 Latini,

344 2633 520 2728 inplicuit
539 2636 663 2723 bello,
687 2635 753 2729 qui
774 2657 843 2705 nos
863 2630 1007 2731 fugiatis
1027 2635 1196 2706 amicos?

345 2745 476 2819 Pacem
496 2775 557 2820 me
577 2751 778 2838 exanimis,
801 2765 837 2818 et
859 2745 982 2818 Martis
1006 2768 1098 2819 sorte
1118 2751 1288 2842 peremtis

344 2861 463 2934 Oratis
487 2891 495 2932 ε
525 2865 696 2956 equidem
721 2883 758 2934 et
776 2861 867 2933 vivis
891 2863 1086 2932 concedere
1107 2865 1250 2943 vellem.

343 2973 421 3047 Nec
440 2979 545 3078 veni,
570 2977 639 3049 nisi
657 2976 727 3049 fata
748 2977 872 3047 locum
895 2975 1093 3068 sedemque
1116 2977 1319 3060 dedissent;

342 3088 420 3163 Nec
440 3091 579 3162 bellum
601 3116 685 3163 cum
711 3109 815 3189 gente
835 3115 918 3188 gero
942 3117 950 3159 z
979 3114 1040 3163 rer
1065 3109 1183 3162 nostra
1206 3093 1351 3188 reliquit

342 3205 540 3300 Hospitia,
568 3225 605 3278 et
625 3206 740 3276 Turni
764 3205 888 3300 potius
910 3228 947 3276 se
969 3205 1118 3275 credidit
1139 3208 1255 3280 annis.

341 3321 506 3415 Aequius
526 3321 610 3392 huic
629 3320 797 3391 Turnum
818 3317 932 3390 fuerat
953 3345 989 3390 se
1011 3345 1199 3414 opponere
1217 3321 1336 3396 morti.

341 3435 379 3506 Si
399 3435 538 3506 bellum
559 3435 660 3506 finire
681 3425 816 3529 mauu,
840 3434 870 3505 si
889 3436 1022 3528 pellere
1039 3434 1200 3507 Teucros

340 3548 517 3644 Adparat3
536 3551 592 3623 his
610 3575 755 3638 mecum
773 3549 893 3621 decuit
908 3573 1112 3625 concurrere
1130 3551 1234 3623 telis:

339 3661 471 3756 Vixet,
494 3665 553 3735 cui
575 3665 686 3736 vitam
707 3665 796 3737 deus
818 3680 880 3733 aut
898 3687 959 3734 sua
981 3663 1101 3735 dextra
1123 3662 1287 3747 dedisset

338 3776 447 3850 Nunc
465 3780 539 3869 ite,
563 3799 599 3850 et
620 3779 758 3852 miseris
781 3779 979 3871 supponite
998 3777 1143 3849 civibus.
1155 3779 1290 3875 ignem.

396 3893 544 3964 Dixerat
562 3893 709 3966 Aeneas.
752 3895 817 3964 olli
834 3892 1052 3985 obstupuere
1073 3892 1237 3972 silentes;

338 4007 585 4101 Conversique
604 4010 732 4080 oculos
749 4009 839 4083 inter
861 4032 898 4077 se
920 4025 1029 4099 atque
1053 4032 1112 4102 ota
1130 4005 1311 4080 tenebant
1380 4051 1398 4134 ¹

337 4120 440 4194 Tum
464 4122 582 4194 senior
603 4147 817 4216 semperque
839 4121 934 4194 odiis
957 4140 993 4190 et
1014 4121 1162 4191 crimine
1185 4121 1343 4197 Drances

335 4235 504 4311 Infensus
515 4237 641 4336 juveni
659 4234 787 4306 Tumo
807 4236 855 4308 sic
876 4261 937 4309 ore
953 4234 1113 4308 vicissim
1203 4306 1207 4336 Ι

336 4351 426 4425 Orsa
451 4349 585 4423 refert:
615 4351 651 4422 Ο
670 4349 766 4421 fama
791 4350 943 4448 ingens,
970 4349 1152 4446 ingentior
1170 4347 1297 4438 armis,

334 4463 404 4537 Vir
422 4465 597 4556 Troiane,
622 4465 754 4560 quibus
778 4467 882 4536 coelo
905 4481 941 4535 te
959 4463 1128 4534 laudibus
1150 4462 1334 4556 aequem?
1429 4516 1434 4530 .

329 4577 540 4670 Justltiaene
555 4583 662 4678 prius.
677 4580 803 4670 mirer,
826 4579 962 4650 belline
985 4577 1185 4650 laborum?
1209 4660 1214 4667 Ι
