3750 6217
461 754 1250 857 AENEIDOSt'1.r;6r,
1386 776 1469 849 ⁴235

253 920 335 1021 Jam
359 926 507 1000 tandem
529 928 651 1000 ltaliae
674 927 844 1027 fugientis
863 928 1080 1023 prendimus¹
1100 949 1186 998 orasa

254 1045 333 1116 Hac
350 1042 507 1116 Troiana
525 1042 629 1115 tenus
649 1040 754 1115 fuerit
770 1041 913 1114 fortuna
934 1062 1061 1116 secutas
1239 1137 1242 1143 .

254 1157 338 1232 Vos
356 1182 505 1254 quoque
524 1160 734 1257 Pergameae
748 1161 825 1256 jam
845 1156 897 1231 fas
917 1179 971 1231 est
990 1169 1129 1252 parcere
1149 1153 1265 1253 genti,

255 1263 392 1367 Diiq'ue
411 1274 571 1367 deaeque
592 1272 738 1363 ornn'es,
764 1274 896 1367 quibus
923 1273 1060 1344 obstitit
1077 1272 1212 1360 Ilium,
1234 1288 1270 1342 et
1289 1268 1415 1369 ingens

257 1388 382 1461 Gloria
401 1388 610 1460 Dardaniae.
654 1384 767 1482 tuque
784 1442 794 1478 ,
820 1415 842 1459 o
867 1384 1086 1460 sanctissima
1105 1404 1225 1476 vater,

258 1504 415 1577 Praescia
436 1505 600 1594 venturi,
621 1503 685 1593 da,
706 1525 783 1573 non
802 1504 961 1575 indebita
981 1528 1096 1597 posco

259 1610 383 1718 Regna
402 1621 493 1691 meis
509 1618 610 1709 fatis,
634 1619 737 1689 Latio
759 1618 942 1690 considere
962 1618 1144 1708 Teucros,

257 1735 484 1828 Errantisque
505 1728 616 1823 deos,
642 1735 840 1831 agitataque
858 1735 1010 1805 numina
1028 1733 1171 1804 Troiae]

259 1850 361 1922 Tum
382 1848 531 1920 Phueb'o
552 1869 587 1921 et
606 1847 747 1919 Triviae
767 1845 885 1921 solido
906 1849 953 1919 de
971 1860 1148 1919 mannbre
1166 1834 1348 1943 templum
1385 1845 1388 1851 ’

261 1964 471 2052 instituam,
500 1962 684 2057 festosque
702 1964 777 2036 dies
796 1964 842 2035 de'
860 1966 1011 2035 nomine
1031 1950 1180 2034 Phoebi.

262 2079 319 2152 Te
338 2104 488 2174 quoque
506 2104 637 2177 inagna
657 2098 805 2149 manent
825 2080 941 2178 regnis
961 2081 1154 2174 penetralia
1173 2079 1313 2152 nomia

260 2190 330 2267 Hic
350 2220 416 2293 ego
434 2187 594 2289 iramque
612 2212 689 2266 tuas
708 2213 839 2284 sortes,
865 2219 1059 2288 arcanaque
1079 2193 1169 2284 fata,
1246 2238 1250 2249 ·

259 2308 365 2383 Dicta
386 2335 486 2381 meae
502 2310 625 2408 genti,
653 2328 792 2404 ponam
805 2314 825 2399 ,'
839 2312 1023 2404 lectosque
1044 2309 1210 2398 sacrabo,

258 2426 390 2514 Alma,
412 2427 518 2496 viros.
555 2419 654 2497 loliis
672 2444 815 2496 tantum
833 2427 879 2496 he
900 2427 1055 2496 carmina
1076 2425 1228 2505 mandax

259 2528 316 2612 Ne
334 2539 472 2613 turbata
489 2542 614 2612 volent
635 2540 768 2634 rapidis
786 2539 939 2610 ludibria
958 2541 1083 2612 ventis.

261 2654 346 2751 lpsa
363 2672 467 2727 canas
487 2652 584 2727 oro.¹
605 2655 715 2726 finem
736 2654 836 2726 dedit
854 2672 914 2726 ore·
935 2654 1123 2749 loquendi.

317 2761 384 2859 At,
409 2762 549 2841 Phoebi
567 2771 736 2842 nondum
756 2771 920 2865 patiens,
941 2770 1098 2842 inmanis
1115 2770 1153 2840 iri
1171 2787 1272 2843 antro

262 2882 455 2956 Bacchatur
470 2903 593 2973 vates,
619 2886 795 2984 magnu'm
816 2887 845 2957 si
865 2904 1009 2978 pectore
1028 2886 1146 2979 possit

262 2999 464 3070 Excussisse
484 2998 594 3069 deum
619 3027 627 3069 ε
656 3017 757 3072 tanto
778 3001 894 3098 magis
912 3000 975 3070 ille
992 2988 1115 3097 fatigat

260 3115 315 3185 Os
334 3112 524 3209 rabidum,
546 3108 618 3185 fera
638 3114 744 3186 corda
762 3111 937 3204 domans,
958 3114 1134 3211 fingitque
1153 3102 1364 3208 premendo.¹

261 3228 361 3300 Ostia
376 3230 529 3326 jamque
549 3229 682 3300 domus
703 3250 846 3322 patuere
864 3230 1020 3328 ingentia
1039 3236 1186 3300 centum

260 3342 401 3437 Sponte
423 3361 506 3432 sua,
528 3345 690 3436 vatisque
714 3342 830 3415 ferunt
849 3369 1019 3439 responsa
1043 3358 1107 3437 pe'r
1126 3368 1234 3419 auras.-

261 3456 297 3529 O
315 3458 464 3530 tandem
482 3459 623 3555 magnis
645 3459 764 3556 pelagi
785 3458 954 3530 defuncto
971 3458 1112 3553 periclis
1128 3484 1136 3526 r

262 3571 331 3644 Sed
346 3591 453 3646 terrae
475 3574 631 3671 graviora
650 3588 808 3646 manent.
847 3555 886 3645 in
903 3599 1010 3673 regna
1031 3560 1157 3643 La'vini
1194 3632 1198 3637 .

263 3686 488 3760 Dardanidae
505 3678 672 3767 venient:
693 3689 797 3760 mitte
815 3687 908 3760 hanc
926 3680 972 3759 de
990 3698 1134 3783 pe'ctor'e
1154 3700 1301 3764 turim:

262 3799 332 3874 Sed
352 3828 429 3875 non
449 3823 484 3875 et
499 3803 638 3875 venisse
655 3805 791 3876 volent.
829 3804 943 3893 b'elia,
971 3802 1113 3874 horrida
1130 3792 1246 3895 bella,

264 3918 308 3989 Et
332 3918 510 4012 Thybrim
530 3920 650 3990 multo
675 3939 905 4013 spumantem
925 3920 1097 4018 sanguine
1120 3942 1235 3994 cern0.

266 4032 351 4104 Non
376 4031 509 4103 Simois
533 4030 626 4121 tibi,
647 4057 714 4105 nec
734 4034 921 4126 Xanthus,
951 4058 1018 4107 nec
1036 4020 1166 4107 Dorica
1186 4053 1295 4109 casm

266 4145 463 4220 Defuerlnt.
502 4134 595 4220 alius
615 4148 719 4220 Latio
735 4152 812 4246 jam
829 4168 951 4245 partus
969 4150 1152 4241 Achilles,

265 4264 379 4335 Natus
399 4283 434 4335 et
454 4263 531 4358 ipse
555 4263 632 4334 dea.
675 4288 742 4336 nec
762 4265 909 4339 Teucris
926 4266 1046 4338 addita
1059 4266 1159 4355 Juno

266 4377 429 4472 Usquam
451 4379 563 4451 aberit
587 4404 594 4448 ε
626 4404 744 4473 quom
764 4399 804 4453 tu
822 4384 978 4476 supplex
997 4382 1034 4451 in
1052 4380 1156 4453 tebus'
1176 4368 1296 4480 egenis

267 4493 369 4598 Quas
385 4514 507 4592 gentes
528 4492 682 4597 Italitm,
701 4514 761 4567 aut
781 4521 870 4589 quas
889 4520 968 4569 uon
988 4499 1138 4568 oraveris
1158 4498 1284 4570 urbes!

268 4608 402 4683 Caussa
422 4611 507 4681 mali
526 4611 616 4683 rami
635 4613 816 4711 conjunx,
845 4612 973 4684 iterum
993 4612 1138 4707 hospita
1157 4611 1303 4685 Teucris
1321 4642 1330 4692 r
1388 4686 1391 4691 ,

1090 4726 1163 4827 og
1197 4752 1215 4799 a
