3750 6217
400 759 864 857 ‚AENEIDOS
920 760 1031 834 VII.
1090 773 1268 859 unqu

248 928 305 1001 Te
322 928 465 1000 lustrare
486 929 619 1017 choro,
641 952 779 1000 sacrum
798 927 866 998 tibi
883 937 1025 1020 pascere
1043 926 1188 998 crinem.

204 1098 206 1103 ,
248 1045 359 1116 Fama
377 1046 477 1114 volat
500 1070 507 1110 :
537 1041 709 1137 furiisque
733 1044 904 1115 adcensas
922 1060 1065 1137 pectora
1085 1060 1214 1113 matres

250 1159 356 1231 Idem
377 1159 497 1229 omnis
518 1157 626 1229 simul
646 1160 751 1230 ardor
770 1161 864 1257 agit,
889 1182 985 1228 nova
1005 1182 1172 1252 quaerere
1191 1174 1293 1230 tecta.

250 1274 444 1347 Deseruere
464 1274 598 1344 domos
626 1301 634 1342 ι
662 1274 778 1346 ventis
795 1275 883 1344 dant
899 1274 995 1344 colla
1012 1289 1218 1366 comasque.

250 1389 318 1462 Ast
338 1390 426 1459 aliae
444 1388 606 1460 tremulis
624 1390 821 1461 ululatibus
838 1389 974 1460 aethera
991 1391 1187 1482 conplent,

253 1502 541 1599 Pampineasque
559 1524 685 1600 gerunt
700 1483 874 1576 incinctae
893 1503 1051 1598 pellibus
1067 1505 1191 1575 hastas.

253 1620 338 1715 lpsa
356 1620 446 1690 iute'r
465 1618 602 1690 medias
617 1619 823 1719 flagrantem
840 1619 972 1690 fervida
988 1623 1120 1714 pinum

240 1734 430 1835 Sustinet,
453 1758 493 1804 ac
513 1751 613 1804 natae
630 1735 816 1828 Turnique
836 1735 931 1806 canit
950 1735 1191 1829 hymenaeos,

254 1848 489 1948 Sanguineam
508 1866 680 1940 torquens
697 1849 833 1930 acierin
855 1861 1073 1944 torvor‘nque
1091 1868 1235 1944 repente

255 1962 398 2035 Clamat
419 1992 426 2032 :
458 1964 500 2032 Io
520 1982 670 2053 matres,
690 1965 809 2037 audite
828 1964 892 2036 ubi
911 1986 1103 2059 quaeque,
1127 1964 1284 2037 Latinae.
1328 2020 1332 2029 .

254 2078 291 2151 si
312 2104 383 2173 qua
402 2079 472 2174 piis
491 2078 621 2171 animis
638 2092 762 2153 r'nanet
781 2080 933 2152 infelicis
951 2079 1100 2152 Amatae

255 2190 399 2284 Gratia,
423 2195 451 2266 si
466 2195 556 2293 ju'ris
576 2196 726 2266 materni
749 2206 828 2267 c'ura
844 2196 1049 2275 remordetr

255 2309 390 2382 Solvite
409 2311 549 2382 crinalis
566 2310 693 2400 vittas,
713 2311 828 2404 capite
848 2311 944 2410 o'rgia
961 2336 1119 2382 mecum»

314 2416 443 2497 Talem
463 2426 554 2495 inter
572 2425 697 2515 silvas,
723 2425 814 2495 inter
833 2427 967 2531 deserta
986 2425 1159 2516 ferarum,

254 2532 430 2639 Reginam
451 2540 591 2612 Allecto
614 2540 767 2640 stimulis
786 2541 858 2639 agit
875 2522 1037 2634 undique
1057 2539 1194 2612 Bacchi.

257 2655 455 2746 Postquam
472 2657 546 2726 visa
567 2656 648 2727 satis
670 2656 809 2751 primos
826 2657 959 2727 acuisse
979 2653 1134 2745 furores,

258 2766 538 2863 Consiliumque
559 2795 783 2865 omnemque
801 2770 958 2867 domum
977 2771 1119 2862 vertisse
1138 2764 1279 2842 Latini:

259 2886 433 2956 Protenus
449 2885 534 2955 hinc
551 2884 659 2958 fuscis
676 2887 783 2959 tristis
800 2887 866 2957 dea
885 2887 1024 2958 tollitur
1041 2885 1105 2955 alis

258 2994 413 3072 Audacis
430 2999 556 3072 Rutuli
573 3000 618 3071 ad
634 3016 758 3072 muros
780 3026 788 3070 t
818 3026 929 3094 quam
949 2998 1078 3072 dicitur
1096 2999 1223 3071 urbem

257 3106 472 3187 Acrisioneis
491 3115 613 3186 Dana‘e'
633 3114 798 3188 fundasse
817 3113 978 3204 colonis,

258 3230 444 3326 Praecipiti
465 3230 582 3302 delata
602 3231 714 3302 Noto,
755 3233 858 3302 locus
877 3230 991 3302 Arrlea
1011 3228 1200 3323 quondam

259 3346 385 3417 Dictus
403 3347 476 3418 avis
498 3375 506 3415 ε
536 3364 572 3417 et
591 3370 689 3416 nunc
706 3359 881 3444 magnum
898 3361 1021 3418 manet
1038 3344 1153 3443 Ardea
1172 3367 1333 3427 nument

259 3454 330 3531 Sed
347 3449 489 3532 fortuna
508 3459 587 3532 fuit
625 3462 726 3532 tectis
745 3454 802 3532 hic
820 3461 967 3532 Turnus
985 3462 1023 3531 in
1042 3462 1122 3533 altis

254 3576 338 3664 jam
357 3578 517 3647 mediam
536 3578 634 3676 nigra
655 3575 820 3671 carpebat
838 3594 945 3647 nocte
965 3577 1135 3669 quietern.

258 3690 398 3763 Allecto
416 3706 555 3764 torvam
575 3691 704 3763 faciem
725 3712 760 3765 et
776 3690 913 3763 furialia
931 3692 1095 3763 membra

261 3804 369 3877 Exuit
391 3835 399 3875 ε
430 3809 468 3878 in
486 3809 607 3880 voltus
626 3826 701 3880 sese
718 3807 944 3882 transformat
961 3808 1093 3896 aniles,

262 3921 307 3992 Et
326 3912 482 3992 frontem
505 3922 699 3996 obscenam
718 3927 813 4023 mgis
829 3938 921 4004 a‘rat3
944 3922 1063 3995 induit
1080 3921 1184 3995 albos

263 4035 358 4107 Cum
379 4038 465 4109 vitta
482 4036 586 4110 crinis
609 4065 617 4106 z
646 4057 726 4110 tum
744 4058 885 4111 ramum
904 4040 1053 4110 innectit
1072 4039 1206 4109 olivaet

262 4151 320 4223 Fit
339 4150 498 4246 Calybe,
517 4151 675 4239 Junonis
691 4179 780 4227 anus
798 4156 1000 4251 templique
1021 4152 1205 4234 sacerd0s;

262 4268 308 4340 Et
323 4269 447 4365 juveni
466 4284 546 4338 ante
567 4270 693 4342 oculos
710 4270 765 4342 his
783 4296 819 4343 se
839 4295 923 4341 cum
940 4270 1089 4341 vocibus
1111 4266 1235 4341 offert:

320 4381 468 4474 Turno,
491 4402 548 4456 tot
564 4385 746 4459 incassum
762 4382 861 4458 fusos
881 4386 1013 4480 patiere
1030 4384 1189 4475 labores,

263 4499 310 4573 Et
329 4516 390 4570 tua
408 4492 596 4572 Dardaniis
610 4501 792 4574 transcribi
810 4519 946 4596 sceptra
966 4499 1137 4572 colonis?

262 4613 341 4687 Rex
357 4614 424 4688 tibi
444 4617 677 4716 conjugium,
703 4634 738 4688 et
757 4617 934 4710 quaesitas
955 4615 1127 4715 sanguine
1147 4610 1251 4688 dotes

1117 4728 1211 4803 Mm

1374 783 1452 856 273
1570 722 1572 732 Ι
