3750 6217
717 744 872 799 loo
1022 716 2068 793 GEORGICON
2185 714 2344 791 lv.
2464 742 2533 787 v.
2626 718 2809 811 259.

705 882 1156 983 Ignavaeque
1177 882 1383 954 ‘fame
1417 904 1488 956 et
1525 900 1889 958 contracto
1930 880 2181 980 frigore
2221 883 2478 981 pigrae.

708 998 904 1070 Tum
947 1023 1167 1070 sonus
1205 999 1487 1071 auditur
1524 999 1796 1099 gravior
1820 1053 1842 1087 ‚
1871 1001 2320 1091 -tractimque
2360 1014 2748 1070 susurrant:

705 1114 1032 1212 Frigidus
1070 1133 1151 1185 ut
1191 1116 1564 1207 quondam
1608 1113 1802 1187 silvis
1841 1115 2313 1185 inmurmurat
2345 1110 2599 1183 Auster
2622 1139 2643 1179 ·.

707 1228 807 1300 Ut
844 1254 1036 1300 mare
1078 1229 1468 1311 sollicitum
1506 1230 1734 1304 stridit
1771 1228 2236 1300 refluentibus
2269 1226 2529 1305 undis;

706 1342 1002 1417 Aestuat
1037 1363 1118 1416 ut
1156 1346 1410 1416 clausis
1446 1346 1735 1441 rapidus
1771 1342 2181 1415 fornacibus
2219 1344 2422 1441 ignis.

706 1453 847 1530 Hic
873 1462 1029 1558 jam
1067 1460 1452 1558 galbaneos
1491 1460 1806 1533 suadebo
1846 1457 2220 1530 incendere
2263 1459 2565 1545 odore5‚

706 1574 1071 1668 Mellaque
1110 1575 1517 1648 arundineis
1553 1574 1799 1646 inferre
1836 1575 2238 1665 canalibus,
2283 1575 2470 1647 ultro

705 1689 1178 1781 Hortantem,
1216 1710 1289 1762 et
1323 1690 1539 1764 fessas
1577 1691 1666 1760 ad
1704 1689 1970 1785 pabula
2007 1707 2179 1761 nota
2217 1706 2615 1762 vooentern.

708 1804 1033 1878 Proderit
1071 1825 1140 1877 et
1174 1824 1467 1878 tunsum
1504 1808 1727 1905 gallae
1765 1805 2152 1878 admiscere
2193 1828 2567 1899 saporem,

705 1918 1134 2015 Arentisque
1171 1946 1363 1993 rosas
1387 1976 1410 2011 ,
1457 1939 1579 1993 aut
1617 1920 1764 2020 igni
1806 1921 2103 2020 pinguia
2134 1922 2373 1992 multo

708 2033 1004 2108 Defruta
1025 2089 1047 2126 ‚
1083 2037 1199 2107 vel
1237 2037 1517 2132 psythia
1554 2061 1805 2131 passos
1842 2037 1934 2107 de
1972 2037 2116 2108 vite
2149 2061 2465 2107 racemos
2489 2090 2511 2125 ,

711 2150 1297 2245 Cecropiumque
1331 2153 1667 2247 thymum
1693 2206 1714 2241 ,
1760 2169 1831 2223 et
1870 2176 2072 2251 grave
2114 2152 2380 2223 olentia
2419 2168 2805 2224 centaurea.

708 2265 838 2358 Est
873 2268 1090 2338 etiam
1129 2264 1267 2338 flos
1301 2268 1377 2336 in
1417 2269 1678 2361 pratiS‚
1723 2268 1902 2361 quoi
1942 2291 2214 2339 nomen
2250 2270 2517 2339 amello

707 2382 959 2453 Fecere
998 2382 1345 2480 agricolae
1368 2437 1389 2473 ,
1430 2380 1655 2454 facilis
1695 2382 2196 2477 quaerentibus
2232 2384 2486 2453 herba:

707 2493 1048 2589 Namque
1088 2521 1239 2569 uno
1280 2499 1644 2597 ingentem
1685 2499 1880 2570 tollit
1920 2497 2009 2568 de
2050 2499 2314 2594 cespite
2354 2499 2603 2570 silvam
2636 2550 2660 2587 ,

706 2611 982 2707 Aureus
1020 2611 1176 2707 ipse
1216 2641 1231 2682 ε
1292 2614 1418 2685 sed
1457 2615 1534 2684 in
1569 2612 1808 2702 foliis,
1857 2639 2041 2708 quae
2081 2613 2389 2708 plurima
2429 2614 2696 2685 circum

705 2727 766 2796 F
770 2726 1174 2817 unduntur‚
1218 2730 1453 2800 violae
1493 2729 1819 2802 sublucet
1851 2750 2163 2824 purpura
2202 2729 2458 2826 nigrae.

706 2840 931 2937 Saepe
972 2844 1192 2914 defim
1231 2846 1434 2916 nexis
1475 2866 1760 2917 ornatae
1796 2844 2175 2938 torquibus
2212 2870 2384 2914 arae.

706 2958 933 3053 Asper
970 2958 1047 3029 in
1089 2983 1208 3030 ore
1244 2985 1473 3055 sapor.
1553 2961 1784 3034 tonsis
1822 2961 1900 3030 in
1936 2960 2243 3030 vallibus
2276 2961 2485 3030 illum

706 3073 1069 3162 Pastores,
1120 3095 1191 3148 et
1225 3102 1434 3148 curva
1468 3079 1716 3176 legunt
1754 3101 1985 3172 prope
2021 3072 2322 3146 flumina
2357 3074 2637 3147 Mellae.

705 3186 943 3286 Hujus
982 3189 1283 3261 odorato
1315 3191 1579 3263 radices
1615 3193 1926 3285 incoque
1966 3191 2240 3262 Baccho
2265 3244 2288 3281 ,

706 3301 1125 3396 Pabulaque
1167 3303 1243 3374 in
1282 3304 1557 3376 foribus
1597 3307 1834 3400 plenis
1873 3307 2164 3400 adpone
2206 3307 2539 3379 canistris.

822 3415 963 3488 Sed
999 3419 1057 3490 si
1098 3443 1320 3512 quern
1359 3422 1602 3514 proles
1641 3420 1882 3492 subito
1920 3420 2248 3493 defecerit
2284 3423 2564 3510 omnis,

705 3531 896 3623 Nee,
936 3558 1159 3634 genus
1198 3534 1391 3604 unde
1425 3559 1656 3605 novae
1693 3536 1926 3629 stirpis
1966 3554 2370 3627 revocetur,
2410 3535 2747 3617 habebit;

703 3646 1037 3743 Tempus
1075 3665 1145 3719 et
1175 3646 1456 3720 Arcadii
1493 3651 1961 3721 memoranda
2001 3651 2288 3724 inventa
2321 3652 2633 3750 magistri

704 3764 1023 3841 Pandere
1046 3821 1068 3857 ‚
1109 3789 1408 3860 quoque
1442 3765 1674 3838 modo
1714 3766 1929 3838 caesis
1958 3768 2111 3864 jam
2153 3791 2363 3861 saepe
2387 3766 2713 3865 juvencis

701 3884 1109 3952 Insincerus
1141 3908 1177 3952 a
1241 3908 1313 3952 es
1345 3884 1581 3952 tulerit
1621 3908 1842 3952 cruor.
1926 3884 2134 3952 altius
2174 3908 2474 3952 omnem
