3750 6217
354 689 431 780 248
549 678 996 760 AENEIDOS
1052 681 1139 756 Vlr
1190 697 1227 753 vr·
1275 685 1369 777 49⁶·

349 850 493 949 Ingenti
509 849 683 944 trepidare
703 866 812 922 metu.
850 871 931 945 pars
950 868 1081 921 vertere
1101 866 1212 948 terga,
1238 849 1240 854 ’

351 964 428 1036 Ceu
447 964 634 1059 quondam
651 965 783 1059 petiere
800 984 887 1037 rates
906 993 914 1033 ι
945 990 1026 1060 pars
1044 966 1169 1035 tollere
1187 985 1318 1033 vocem

350 1081 536 1179 Exiguam.
577 1079 739 1174 inceptus
759 1084 895 1152 clamor
913 1079 1095 1153 frustratur
1113 1078 1252 1149 hiantis.

407 1195 529 1288 Atque
545 1185 603 1264 hic
624 1195 827 1268 Priamiden
844 1197 1016 1267 laniatum
1034 1219 1183 1288 corpore
1203 1208 1284 1265 toto

350 1309 589 1404 Deiphobum
607 1301 718 1400 vidit,
742 1313 897 1383 lacerum
916 1311 1101 1382 crudeliter
1121 1335 1207 1397 ora,

349 1427 422 1495 Ora
442 1448 644 1518 manusque
664 1426 804 1515 ambas,
826 1429 1076 1521 populataque
1095 1443 1260 1518 tempora
1279 1421 1389 1518 raptis

349 1539 523 1628 Auribus,
544 1557 579 1611 et
600 1559 739 1612 truncas
756 1543 947 1612 inhonesto
965 1543 1111 1612 volnere
1129 1539 1231 1610 naris.

349 1654 425 1726 Vix
443 1653 533 1755 adeo
554 1656 727 1752 adgnovit
745 1651 986 1751 pavitantem,
1011 1681 1051 1726 ac
1071 1656 1145 1727 dira
1164 1668 1345 1752 tegentem

349 1764 559 1864 Supplicia3
582 1788 617 1841 et
635 1772 731 1842 notis
750 1774 932 1867 conpellat
952 1771 1101 1842 vocibus
1120 1771 1238 1840 ultro:

348 1883 542 1980 Deiphobe
561 1886 800 1980 armipotenS,
821 1905 933 1986 genus
954 1889 1027 1960 alto
1047 1885 1067 1956 a
1086 1883 1255 1983 sanguine
1273 1881 1423 1975 Teucri,

350 2000 444 2104 Quis
463 2018 537 2071 tam
557 2001 708 2073 crudelis
729 2003 867 2095 optavit
887 2027 1023 2074 sumere
1044 2000 1213 2096 poenas?

350 2113 421 2184 Cui
440 2133 581 2186 tantum
601 2115 646 2187 de
664 2135 699 2188 te
720 2118 822 2188 licuit
847 2120 863 2187 ?
893 2118 984 2187 mihi
1001 2116 1097 2188 fama
1116 2138 1283 2209 suprema

349 2225 466 2302 Nocte
485 2232 590 2320 tulit,
615 2229 748 2303 fessum
766 2252 861 2306 vasta
881 2251 916 2305 te
936 2234 1042 2304 caede
1060 2233 1250 2328 Pelasghm

350 2337 583 2418 Procubuisse
602 2369 708 2441 super
726 2347 895 2419 confusae
914 2350 1033 2447 stragis
1052 2371 1226 2418 acervom.

349 2463 455 2533 Tunc
474 2480 619 2560 egomet
637 2464 821 2534 tumulum
840 2463 1004 2536 Rhoeteo
1026 2465 1064 2534 in
1084 2463 1187 2535 litore
1207 2461 1353 2530 inanem

349 2578 551 2666 Constitui,
575 2595 611 2648 et
627 2602 756 2676 magna
776 2575 893 2651 Manis
909 2598 963 2651 ter
980 2605 1070 2652 voce
1087 2577 1222 2649 vocavir

348 2693 496 2764 Nomen
515 2711 550 2765 et
569 2717 664 2764 anna
685 2696 810 2766 locum
826 2713 972 2780 servant.
1007 2714 1066 2785 te,
1091 2694 1229 2780 amice,
1252 2687 1400 2782 nequivi

347 2808 585 2904 Conspicere,
608 2827 642 2879 et
661 2810 771 2902 patria
790 2810 967 2882 decedens
986 2835 1121 2905 ponere
1140 2829 1235 2881 terra.

346 2920 405 2997 Ad
425 2924 622 3019 quae-haec
641 2924 834 2997 Priamides
859 2954 866 2995 :
897 2926 998 2996 Nihil
1018 2951 1040 2997 ο
1060 2925 1144 3013 tibi,
1164 2922 1302 3011 amice,
1324 2919 1514 2996 relictum:

347 3040 485 3112 Omnia
503 3030 700 3135 Deiphobo
720 3041 880 3131 solvisti,
902 3042 1088 3114 et'frmeris
1106 3037 1251 3111 umbris.

347 3153 417 3226 Sed
433 3181 494 3226 me
513 3154 584 3225 fata
602 3180 683 3224 mea
701 3170 735 3225 et
754 3159 869 3228 scelus
889 3158 1029 3227 exitiale
1049 3157 1230 3227 Lacaenae

347 3267 416 3342 His
435 3294 584 3341 mersere
604 3269 709 3340 malis
729 3294 737 3336 r
768 3271 827 3340 illa
847 3272 931 3342 haec
951 3290 1186 3342 monumenta
1205 3269 1358 3360 reliquit.

347 3381 533 3477 Namque,
557 3399 596 3452 ut
616 3406 820 3476 supremam
841 3382 927 3456 falsa
945 3386 1034 3458 inter
1053 3387 1180 3484 gaudia
1199 3403 1345 3455 noctem

347 3498 554 3597 Egerimus,
579 3498 695 3576 nosti3
718 3516 753 3568 et
772 3499 927 3569 nimium
946 3503 1153 3572 meminisse
1170 3510 1311 3570 necesse
1330 3515 1408 3571 est:

347 3615 476 3721 Quom
493 3613 607 3685 fatalis
631 3636 746 3706 equus
762 3615 852 3685 saltu
873 3639 978 3709 super
988 3608 1107 3685 'ardua
1126 3616 1225 3685 venit

346 3729 538 3830 Pergama,
561 3729 597 3801 et
614 3746 792 3798 armatum
814 3729 973 3822 peditem
995 3732 1106 3830 gravis
1124 3730 1253 3802 adtulit
1272 3730 1379 3800 alvos

345 3849 413 3918 Illa
434 3848 583 3919 chorum
604 3845 797 3934 simulans,
820 3847 957 3918 euantis
977 3848 1073 3944 orgia
1093 3848 1226 3918 circum

345 3962 508 4034 Ducebat
525 3962 691 4058 Phrygias
710 3990 719 4028 ε
747 3957 934 4032 flammam
952 3963 1071 4034 media
1092 3963 1168 4057 ipsa
1185 3960 1329 4033 tenebat

346 4078 556 4177 Ingentem,
579 4093 615 4145 et
632 4098 775 4146 summa
793 4075 937 4149 Danaos
958 4104 1002 4149 ex
1022 4104 1098 4150 arce
1119 4077 1279 4149 vocabat.

343 4191 443 4263 Tum
463 4217 542 4281 me,
565 4188 772 4263 confectum
792 4193 882 4265 curis
901 4219 1109 4289 somnoque
1129 4213 1312 4291 gravatum

344 4306 476 4377 Infelix
494 4306 619 4377 habuit
637 4307 833 4395 thalamus,
854 4310 1055 4403 pressitque
1070 4313 1250 4407 jacentem

342 4422 468 4497 Dulcis
485 4442 522 4494 et
540 4424 610 4494 alta
629 4421 748 4515 quies,
771 4423 1005 4516 placidaeque
1026 4425 1212 4496 simillima
1232 4427 1353 4496 morti.

301 4541 304 4547 ’
341 4537 487 4642 Egregia
506 4539 636 4612 interea
657 4538 817 4636 conjunx
835 4562 930 4607 arma
951 4540 1075 4611 omnia
1095 4539 1196 4613 tectis
