3750 6217
545 743 994 821 AENEIDOS
1050 743 1099 848 V.⁸
1159 770 1192 819 v.
1242 748 1333 824 622.
1467 772 1542 836 225

332 915 388 989 Ac
408 917 458 989 sic
477 911 728 986 Dardanidum
747 909 909 981 mediam
929 934 966 982 se
983 910 1157 986 matribus
1176 910 1303 981 infert:

389 1033 427 1103 O
446 1031 616 1119 miserae,
639 1052 729 1122 quas
743 1051 821 1097 non
840 1051 992 1116 manus,
1013 1026 1155 1120 inquit,
1178 1024 1331 1098 Achaica
1351 1025 1452 1099 bello

329 1145 557 1220 Traxerit'ad
576 1147 691 1217 letum
709 1143 841 1238 patriae
861 1143 929 1214 sub
949 1144 1143 1216 moenibus
1165 1145 1173 1213 !
1205 1168 1228 1213 o
1248 1165 1335 1240 gens

331 1263 486 1352 Infelix,
509 1262 567 1332 cui
586 1283 622 1333 te
640 1259 750 1331 exitio
770 1258 929 1330 Fortuna
946 1261 1128 1331 reservat?

332 1379 505 1475 Septuma
522 1395 609 1471 post
627 1375 759 1446 Troiae
778 1375 961 1445 excidium
976 1376 1055 1473 jam
1074 1375 1218 1448 vertitur
1235 1392 1363 1464 aestas,

333 1494 464 1601 Quom
480 1492 589 1582 freta,
613 1516 732 1587 quom
749 1508 855 1562 terras
873 1491 1018 1580 omnis,
1044 1509 1102 1563 tot
1119 1492 1302 1587 inhospita
1321 1515 1425 1580 saxa,

333 1609 525 1704 Sideraque
542 1632 709 1680 emensae
729 1604 875 1677 ferimur
903 1634 912 1673 z
942 1605 1032 1676 dum
1050 1632 1115 1701 per
1134 1633 1231 1679 mare
1248 1631 1423 1707 magnum

333 1727 477 1797 ltaliam
497 1723 682 1817 sequimur
699 1721 920 1821 fugientem,
943 1740 978 1793 et
996 1724 1179 1794 volvimur
1198 1723 1315 1796 undis.
1405 1712 1407 1717 ’
1448 1718 1453 1727 “

334 1837 405 1913 Hic
424 1840 545 1936 Erycis
562 1838 651 1910 fines
669 1836 832 1926 hatemi,
855 1854 963 1930 atque
980 1838 1113 1934 hospes
1131 1838 1286 1912 Acestes.

333 1956 438 2064 Quid
455 1953 624 2052 prohibet
640 1979 765 2027 muros
779 1955 917 2052 jacere,
942 1972 978 2025 et
997 1954 1079 2025 dare
1099 1955 1238 2026 civibus
1256 1954 1415 2047 urbem,p

332 2074 370 2145 Ο
387 2071 522 2169 patria,
543 2089 579 2142 et
594 2069 687 2166 rapti
705 2067 960 2162 nequidquam
981 2091 1026 2137 ex
1044 2069 1147 2142 hoste
1166 2070 1340 2160 Penates,

332 2188 491 2259 Nullane
505 2190 582 2286 jam
599 2186 730 2259 Troiae
750 2183 913 2254 dicentur
928 2184 1075 2257 moenia
1096 2185 1113 2254 ?
1142 2207 1326 2278 nusquam

331 2304 533 2376 Hectoreos
551 2300 691 2391 amnis,
716 2299 905 2371 Xanthum
924 2317 961 2371 et
977 2296 1164 2375 Simoenta
1179 2299 1347 2372 videbo?

332 2419 436 2524 Quin
455 2420 569 2518 agite,
593 2433 629 2488 et
644 2441 791 2488 mecum
808 2413 977 2488 infaustas
994 2417 1128 2488 exurite
1147 2417 1295 2512 puppis.

331 2534 428 2607 Nam
446 2536 538 2606 mihi
557 2532 773 2606 Cassandrae
793 2555 859 2627 per
877 2555 1052 2602 somnum
1068 2533 1158 2602 vatis
1175 2533 1296 2630 imago

212 2722 215 2731 ,
332 2649 499 2724 Ardentis
515 2652 597 2722 dare
614 2651 689 2722 visa
707 2648 827 2720 faces:
856 2641 927 2718 Hic
946 2647 1102 2741 quaerite
1122 2646 1295 2727 Troiam;

333 2761 404 2837 Hic
421 2767 558 2838 domus
578 2781 647 2855 est,
669 2765 807 2859 inquit,
827 2762 945 2836 vobis.
977 2764 1056 2860 jam
1074 2782 1220 2857 tempus
1240 2764 1388 2862 agites:

333 2880 410 2952 Nec
427 2882 534 2954 tantis
552 2906 655 2953 mora
674 2878 857 2978 prodigiis.
895 2903 943 2950 en
962 2895 1116 2972 quatuor
1132 2904 1208 2950 arae

334 2994 522 3092 Neptuno.
563 2995 652 3068 deus
670 2997 749 3089 ipse
767 2993 860 3067 faces
876 2996 1118 3088 animumque
1138 2995 1324 3068 ministrat.

390 3111 491 3183 Haec
510 3135 734 3200 memorans,
754 3111 872 3206 prima
890 3108 1076 3181 infensum
1094 3111 1132 3181 vi
1148 3111 1306 3206 conripit
1326 3111 1469 3211 ignem,

332 3223 552 3321 Sublataque
571 3228 701 3320 procul
718 3225 840 3296 dextra
860 3225 1015 3295 connixa
1035 3243 1217 3317 comscat,

332 3343 379 3416 Et
392 3342 488 3440 jacit
524 3341 685 3412 adrectae
704 3357 865 3431 mentes,
886 3338 1155 3437 stupefactaque
1171 3343 1280 3415 corda

332 3458 503 3531 Iliadum.
539 3450 597 3527 hic
614 3482 687 3528 una
704 3482 724 3527 e
743 3457 890 3546 multis,
915 3482 1007 3550 quae
1027 3482 1198 3530 maxuma
1217 3477 1324 3551 natu,

332 3574 472 3675 Pyrgo,
493 3587 549 3646 tot
566 3554 696 3643 Priami
716 3590 885 3645 natorum
904 3573 997 3670 regia
1016 3575 1153 3647 nutrix:

331 3690 421 3761 Non
440 3689 549 3760 Beroe
566 3688 692 3777 vohis,
712 3713 790 3759 non
809 3687 898 3759 haec
918 3687 1113 3780 Rhoeteia,
1134 3710 1280 3782 matres,

332 3805 396 3878 Est
416 3804 564 3898 Dorycli
585 3806 754 3901 conjunx,
796 3803 910 3874 divini
931 3804 1031 3904 signa
1051 3806 1209 3896 decoris,

333 3920 573 4013 Ardentisque
593 3937 714 3990 notate
735 3922 884 4000 oculos;
909 3921 975 4013 qui
995 3922 1136 4016 spiritus
1153 3921 1229 4009 illi,

334 4034 412 4141 Qui
431 4035 571 4124 voltus,
591 4035 733 4105 vocisve
753 4059 887 4125 sonus,
911 4037 970 4106 vel
988 4060 1123 4135 gressus
1142 4036 1251 4107 eunti.

333 4151 421 4246 Ipsa
437 4168 582 4249 egomet
601 4149 743 4220 dudum
762 4151 898 4222 Beroen
916 4151 1069 4251 digressa
1085 4152 1216 4246 reliqui

334 4265 504 4366 Aegram,
522 4266 795 4365 indignantem,
816 4268 878 4338 tali
900 4269 1004 4362 quod
1020 4271 1096 4340 sola
1117 4286 1244 4340 careret

333 4382 502 4471 Munere,
524 4407 589 4455 nec
606 4383 755 4457 meritos
772 4382 947 4458 Anchisae
965 4383 1107 4456 inferret
1122 4385 1288 4458 honores.

331 4498 430 4569 Haec
448 4496 556 4570 effata.

331 4611 382 4686 At
398 4632 551 4708 matres,
572 4616 693 4715 primo
713 4618 907 4714 ancipites,
929 4618 1119 4716 oculisque
1135 4617 1304 4714 malignis

906 4724 908 4731 ’
1046 4728 1049 4732 ’
1151 4739 1171 4781 *
1200 4729 1265 4801 Ff
