3750 6217
374 735 452 833 396
540 733 987 809 AENEIDOS
1043 736 1160 824 XII.
1218 764 1251 812 v.
1305 762 1394 835 194.

292 933 299 948 ¹
369 902 621 991 Constituent,
644 901 798 995 urbique
818 898 919 971 dabit
937 899 1084 970 Lavinia
1102 925 1250 973 nomen.

365 1016 424 1099 Sic
444 1020 542 1112 prior
558 1016 724 1089 Aeneas:
754 1016 912 1110 sequitur
933 1015 982 1087 sic
1003 1014 1134 1088 deinde
1156 1017 1325 1108 Latinus,

365 1133 569 1229 Suspiciens
589 1135 754 1228 coelum,
778 1130 966 1224 tenditque
984 1129 1030 1201 ad
1050 1130 1162 1204 sidera
1179 1132 1339 1205 dextram
1354 1163 1363 1202 ε

366 1248 466 1321 Haec
484 1247 635 1338 eadem,
656 1229 798 1337 Aenea,
819 1263 970 1335 terram,
993 1270 1112 1337 mare,
1132 1247 1261 1338 sidera,
1281 1252 1382 1347 juro,

365 1364 600 1457 Latonaeque
619 1387 733 1461 genus
749 1362 909 1456 duplex,
926 1359 1133 1454 Janumque
1153 1361 1377 1455 bifrontem,
1416 1423 1422 1435 .

365 1478 532 1573 Vimque
552 1480 663 1549 deum
685 1475 880 1565 infernam,
900 1494 936 1547 et
955 1476 1033 1547 duri
1055 1480 1199 1554 sacraria
1219 1478 1338 1552 Ditis:

366 1594 500 1666 Audiat
517 1596 603 1665 haec
625 1593 798 1685 Genitor,
824 1593 888 1686 qui
907 1591 1051 1664 foedera
1069 1590 1222 1665 fulmine
1242 1595 1376 1667 euicit:

363 1709 492 1809 Tango
514 1733 609 1790 aras;
634 1710 776 1782 medios
792 1707 901 1807 ignis,
924 1721 959 1779 et
979 1708 1129 1778 numina
1148 1725 1282 1788 testor:

363 1825 475 1897 Nulla
494 1825 571 1908 dies
591 1850 718 1920 paoem
736 1826 828 1895 hanc
849 1823 967 1911 Italis,
987 1846 1053 1894 nec
1073 1822 1215 1895 foedera
1235 1820 1399 1920 rumpet,

364 1941 454 2046 Quo.
471 1965 524 2012 res
544 1933 704 2034 cumque
723 1941 850 2011 cadent
870 1965 878 2006 ι
907 1961 974 2018 nec
993 1961 1053 2009 me
1071 1940 1124 2011 vis
1144 1941 1216 2018 ulla
1235 1942 1421 2014 volentem

363 2057 525 2139 Avertet3
548 2081 625 2127 non
646 2057 676 2128 si
691 2057 854 2127 tellurem
876 2053 1034 2138 ellunclat
1052 2054 1089 2140 in
1107 2054 1222 2127 undas

363 2171 514 2242 Diluvio
533 2172 705 2258 miscens,
728 2172 947 2262 coelumque
966 2170 1004 2239 in
1025 2168 1167 2244 Tartara
1185 2172 1317 2243 solvat:

363 2285 418 2362 Ut
434 2297 612 2380 sceptrum
631 2287 702 2356 hoc
723 2286 865 2378 (dextra
885 2302 1064 2380 sceptrum
1081 2309 1167 2356 nam
1186 2285 1275 2358 forte
1291 2287 1455 2386 gerebat)

362 2401 577 2495 Numquam
596 2399 725 2473 fronde
744 2401 813 2472 levi
832 2399 959 2471 fundet
977 2400 1149 2499 virgulta,
1168 2426 1287 2495 neque
1307 2404 1472 2494 umbras,

363 2516 493 2621 Quom
514 2520 625 2622 semel
646 2518 684 2587 in
704 2516 801 2589 silvis
821 2517 898 2599 imo
919 2516 965 2585 de
985 2515 1091 2610 stirpe
1107 2517 1260 2590 recisum

362 2631 475 2702 Matre
493 2650 606 2721 caret,
632 2632 828 2727 posuitque
848 2656 971 2703 comas
990 2649 1025 2703 et
1043 2629 1183 2703 brachia
1202 2631 1320 2716 ferro;

362 2747 467 2834 Olim
487 2745 610 2836 arbos,
634 2771 731 2822 nunc
748 2746 888 2819 artificis
906 2770 1037 2821 manus
1056 2771 1132 2818 aere
1150 2747 1284 2826 decoro

361 2861 533 2951 inclusit,
555 2852 791 2974 patribusque
806 2861 906 2933 dedit
926 2881 1058 2960 gestare
1078 2862 1224 2950 Latinis.

360 2977 513 3049 Talibus
533 2977 624 3050 inter
641 3003 677 3054 se
695 2979 882 3060 firmabant
898 2977 1042 3048 foedera
1061 2978 1183 3066 dictis,

361 3092 572 3190 Conspectu
591 3095 628 3164 in
646 3094 769 3164 medio
788 3119 987 3192 procemm.
1025 3113 1107 3180 tum,
1124 3094 1188 3167 rite
1208 3114 1354 3182 sacratas

360 3209 408 3278 ln
426 3207 612 3279 flammam
630 3210 795 3307 jugulant
812 3209 990 3304 pecudeS,
1010 3229 1045 3281 et
1063 3210 1193 3281 viscera
1208 3209 1300 3283 vivis

360 3323 545 3417 Eripiunt,
564 3327 822 3417 cumulantque
843 3327 995 3397 oneratis
1015 3325 1174 3398 lancibus
1193 3350 1278 3398 aras

419 3436 467 3508 At
485 3462 569 3509 vero
587 3437 730 3512 Rutulis
751 3441 854 3534 inpar
873 3466 912 3511 ea
930 3466 1051 3539 pugna
1067 3440 1179 3511 videri

356 3552 605 3644 jamdudum,
628 3571 663 3626 et
679 3555 774 3626 vario
793 3556 931 3627 misceri
950 3576 1095 3650 pectora
1115 3576 1220 3629 motu
1233 3583 1244 3629 z.

362 3670 462 3740 Tum
482 3672 617 3770 magis,
637 3692 678 3745 ut
695 3672 845 3767 propius
865 3691 1022 3742 cernunt.
1051 3670 1135 3769 [non
1153 3676 1273 3743 viribus
1288 3673 1423 3772 aequis]

361 3786 517 3886 Adjuvat
536 3788 674 3860 incessu
693 3788 800 3861 tacito
819 3811 1045 3886 progressus,
1067 3804 1102 3857 et
1118 3813 1213 3858 aram

362 3899 578 3997 Suppliciter
595 3927 765 3975 venerans
783 3902 941 3975 demisso
961 3905 1100 3974 lumi-ne
1120 3904 1288 3993 Turnus,

362 4018 612 4111 Tabentesque
633 4043 763 4115 genae,
785 4033 820 4089 et
833 4020 992 4114 juvenali
1015 4020 1052 4088 in
1073 4044 1222 4113 corpore
1242 4022 1368 4113 pallor.

363 4132 487 4238 Quem
508 4135 616 4236 simul
636 4157 675 4201 ac
690 4132 838 4221 Juturna
857 4158 956 4204 soror
974 4135 1183 4206 crebrescere
1204 4135 1294 4207 vidit

361 4248 597 4336 Sermonem,
619 4266 655 4318 et
672 4250 769 4347 volgi
789 4249 917 4318 variare
936 4249 1090 4328 labantia
1108 4252 1237 4323 corda:

361 4364 407 4435 In
424 4362 560 4434 medias
578 4364 690 4451 acies,
716 4362 872 4434 formam
891 4366 1102 4438 adsimulata
1120 4368 1298 4457 Camerti,

361 4479 430 4549 Cui
451 4504 561 4576 genus
578 4504 598 4548 a
618 4480 760 4574 proavis
777 4481 919 4576 ingens,
944 4483 1151 4577 clarumque
1169 4503 1333 4578 paternae

359 4595 508 4667 Nomen
523 4609 601 4667 'erat
616 4595 775 4684 virtutis,
801 4615 835 4666 et
853 4596 927 4689 ipse
945 4600 1135 4673 acerrimus
1151 4600 1278 4680 armis3
