3750 6217
715 532 864 627 198
1089 518 2743 615 AENE1nos1V.v.457;

699 692 1113 767 Velleribus
1147 694 1372 766 niveis
1409 710 1480 764 et
1518 689 1690 763 festa
1731 689 1987 763 fronde
2026 689 2441 761 revinctum·

705 811 898 883 Hinc
935 808 1247 881 exaudiri
1285 832 1502 879 voces
1541 827 1611 879 et
1645 807 1854 878 verba
1888 805 2209 877 vocantis
2324 836 2343 861 x

701 928 878 1001 Visa
917 926 1088 1005 viris
1130 948 1284 996 nox
1323 948 1553 1018 quom
1588 942 1794 995 terras
1836 923 2129 993 obscura
2168 935 2471 991 teneret}

703 1042 1015 1135 Solaque
1053 1038 1495 1112 culminibus
1528 1035 1724 1110 ferali
1763 1038 2075 1110 carmine
2109 1034 2315 1106 bubo

703 1157 928 1251 Saepe
967 1156 1206 1249 queri,
1251 1175 1322 1228 et
1359 1158 1611 1255 longas
1649 1156 1727 1225 in
1769 1154 2017 1225 fletum
2058 1152 2313 1223 ducere
2348 1168 2583 1223 voces·

705 1272 1084 1365 Multaque
1123 1292 1474 1366 praeterea
1505 1286 1754 1341 vatum
1791 1268 2147 1364 praedicta
2181 1266 2507 1362 priorum

702 1386 1034 1457 Terribili
1075 1389 1365 1459 monitu
1406 1385 1826 1458 horrificant.
1902 1386 2047 1483 agit
2086 1386 2239 1478 ipse
2280 1380 2637 1453 furentem

707 1504 798 1573 In
841 1504 1119 1573 somnis
1158 1500 1346 1575 ferus
1387 1500 1661 1573 Aeneas
1709 1528 1724 1568 ε
1783 1524 2211 1595 semperque
2254 1497 2565 1590 relinqui

703 1616 873 1689 Sola
913 1618 1093 1708 sibi,
1139 1642 1420 1712 semper
1455 1619 1749 1713 longam
1795 1616 2213 1689 incomitata
2248 1613 2527 1686 videtur·

703 1733 818 1805 Ire
857 1732 1046 1803 viam
1070 1787 1090 1822 ‚
1135 1752 1208 1805 et
1239 1732 1500 1828 Tyrios
1539 1732 1806 1805 deserta
1847 1756 2177 1826 quaerere
2214 1750 2408 1801 terra.

705 1840 1196 1919 Eumenidum
1228 1850 1450 1920 veluti
1491 1848 1790 1920 demens
1827 1844 2023 1919 videt
2061 1847 2346 1945 agmina
2386 1842 2749 1919 Pentheus
2776 1890 2805 1935 5

705 1962 801 2036 Et
839 1962 1070 2063 solem
1109 1965 1481 2063 geminum
1511 2019 1532 2054 ‚
1577 1982 1648 2035 et
1685 1958 2011 2057 duplices
2052 1988 2123 2035 se
2165 1960 2534 2034 ostendere
2574 1958 2949 2037 Thebas:
3006 1976 3011 1981 '

705 2076 858 2151 Aut
895 2078 1514 2178 Agamemnonius
1555 2078 1782 2151 scenis
1815 2081 2114 2177 agitatus
2152 2078 2435 2149 Orestes
2466 2104 2485 2155 3

707 2194 1076 2267 Armatam
1117 2192 1391 2267 facibus
1418 2214 1718 2267 matrem
1757 2214 1826 2266 et
1865 2192 2311 2289 serpentibus
2340 2190 2505 2263 atris

709 2308 967 2415 Quom
1005 2302 1226 2408 fugit,
1274 2312 1701 2404 ultricesque
1743 2309 1989 2382 sedent
2030 2310 2107 2380 in
2148 2309 2399 2378 limine
2436 2305 2667 2377 Dirae.-

827 2424 1014 2521 Ergo
1053 2424 1178 2496 ubi
1214 2428 1550 2521 concepit
1585 2426 1795 2497 furias
1837 2426 2059 2497 evicta
2100 2426 2397 2513 dolore,

709 2528 1182 2634 Decrevitque
1216 2542 1402 2612 mori
1433 2570 1450 2621 ς
1486 2556 1775 2636 tempus
1816 2566 2059 2615 secum
2098 2542 2253 2635 ipsa
2291 2538 2759 2631 modumque
2870 2554 2875 2559 '

709 2646 948 2754 Exigit
1001 2684 1016 2725 :
1077 2672 1147 2727 et
1185 2640 1530 2729 maestam
1567 2651 1774 2729 dictis
1813 2656 2133 2754 adgressa
2174 2679 2489 2727 sororem
2514 2704 2537 2741 ‚

708 2768 1124 2843 Consilium
1161 2776 1366 2844 voltu
1405 2772 1612 2871 tegit,
1657 2800 1736 2846 ac
1777 2798 1985 2869 spem
2026 2771 2261 2843 fronte
2298 2784 2601 2842 serenat:

710 2884 1018 2978 Inveni,
1061 2910 1426 2987 germana,
1465 2890 1657 2959 viam
1681 2945 1702 2979 ‚
1751 2892 2065 2987 (gratare
2106 2876 2370 2980 sorori)

709 2998 922 3105 Quae
955 3002 1136 3072 mihi
1175 3003 1420 3075 reddat
1461 3028 1666 3092 eum,
1705 3006 1821 3075 vel
1862 3028 1951 3073 eo
1992 3028 2112 3073 me
2154 3005 2382 3074 solvat
2420 3014 2809 3075 amantema

710 3114 985 3185 Oceani
1021 3113 1240 3187 finem
1268 3119 1506 3213 juxta,
1555 3121 1936 3212 solemque
1972 3119 2345 3190 cadentem
2370 3171 2392 3203 ‚

711 3224 1026 3301 Ultimus
1063 3224 1506 3325 Aethiopum
1550 3235 1753 3305 locus
1789 3252 1926 3321 est,
1972 3232 2100 3303 ubi
2137 3244 2523 3304 maxumus
2556 3226 2759 3305 Atlas

711 3338 948 3412 Axem
986 3344 1288 3416 humero
1327 3362 1656 3439 torquet,
1699 3350 1917 3420 stellis
1956 3346 2368 3419 ardentibus
2408 3364 2709 3441 aptum}

711 3454 907 3528 Hinc
939 3452 1118 3529 mihi
1159 3447 1509 3556 Massylae
1547 3462 1775 3559 gentis
1813 3482 2205 3535 monstrata
2244 3462 2609 3551 sacerdOS,

711 3570 1198 3670 Hesperidum
1237 3577 1494 3671 templi
1531 3597 1770 3649 custos
1793 3633 1814 3667 ,
1861 3581 2256 3673 epulasque
2296 3576 2589 3649 draconi

713 3686 924 3795 Quae
965 3690 1182 3767 dabat
1211 3746 1234 3783 ,
1277 3710 1350 3764 et
1384 3716 1614 3767 sacros
1651 3694 1964 3765 servabat
2003 3695 2079 3764 in
2115 3692 2359 3765 arbore
2393 3716 2677 3784 ramos,

710 3802 1056 3904 Spargens
1094 3807 1396 3877 humida
1435 3810 1650 3878 mella
1693 3808 2319 3903 soporiferumque
2358 3832 2689 3904 papaver.
