3750 6217
432 720 878 795 AENEIDOS
936 722 1043 793 Vll.
1101 747 1135 794 v.
1186 746 1276 813 325·
1382 694 1455 809 air

256 884 481 979 Infernisque
501 887 569 957 ciet
584 884 737 956 tenebris
760 913 767 952 :
799 887 856 954 cui
876 886 984 957 tristia
1004 887 1120 977 bella,

254 1002 425 1095 Iraeque,
445 1001 693 1094 insidiaeque,
719 1020 753 1071 et
773 1001 922 1069 crimina
939 1002 1047 1072 noxia
1068 1003 1178 1075 cordi.

241 1117 346 1201 'Odit
362 1135 397 1187 et
414 1119 490 1211 ipse
509 1137 607 1211 pater
627 1116 783 1206 Pluton,
807 1116 913 1186 odere
932 1142 1068 1191 sorores

254 1232 437 1304 Tartareae
454 1254 660 1305 monstrum
682 1260 690 1301 ε
719 1251 775 1311 tot
796 1256 869 1303 sese
888 1233 990 1305 vertit
1008 1232 1044 1303 in
1067 1260 1151 1326 ora,

254 1348 348 1419 Tam
370 1374 489 1420 saevae
509 1348 632 1438 facies,
654 1368 707 1418 tot
728 1349 886 1442 pullulat
904 1367 976 1420 atra
996 1349 1162 1423 colubris.

254 1464 379 1569 Quam
393 1464 492 1553 Juno
509 1465 562 1536 his
582 1464 676 1535 acuit
695 1463 833 1550 verbiS,
861 1488 899 1534 ac
919 1464 1001 1535 talia
1021 1461 1131 1535 fatur:
1187 1542 1205 1557 ,-

254 1578 363 1657 Hunc
380 1580 470 1652 mihi
491 1580 537 1651 da
557 1579 764 1674 proprium,
788 1577 886 1675 virgo
907 1597 978 1649 sata
998 1578 1134 1669 Nocte,
1158 1581 1339 1672 laborem,

257 1694 360 1765 Hanc
380 1720 549 1792 operam,
573 1720 618 1765 ne
637 1713 755 1765 noster
772 1695 914 1781 honos,
933 1692 1119 1766 infractave
1140 1697 1241 1775 cedat

253 1810 363 1881 Fama
384 1812 466 1882 loco
489 1840 495 1878 :
526 1836 597 1881 neu
616 1808 809 1879 connubiis
826 1808 963 1895 ambire
981 1809 1153 1881 Latinum

252 1924 438 2020 Aeneadae
457 1925 614 2021 possint,
638 1925 792 1996 Italosve
814 1923 976 1997 obsidere
995 1925 1086 2018 finis,

254 2041 313 2117 Tu
332 2062 434 2136 potes
453 2042 645 2112 unanimos
665 2064 798 2115 armare
818 2039 855 2108 iu
874 2042 1010 2134 proelia
1030 2039 1175 2135 fratres,

252 2155 371 2251 Atque
390 2156 484 2231 odiis
501 2182 632 2231 versare
650 2157 784 2227 domos
806 2182 814 2223 ι
843 2172 883 2227 tu
899 2156 1041 2243 verbera
1057 2157 1158 2229 tectis

252 2271 499 2365 Funereasque
517 2269 642 2343 inferre
659 2271 751 2341 faces
771 2298 779 2340 ι
809 2269 875 2339 tibi
894 2272 1044 2343 nomina
1061 2273 1181 2363 mille,

252 2386 355 2457 Mille
376 2388 530 2457 nocendi
550 2405 648 2467 artes.
685 2384 881 2457 secundum
900 2406 1051 2463 concute
1068 2408 1211 2482 pectus,

252 2500 385 2600 Disjice
404 2502 632 2596 conpositam
653 2525 805 2596 pacem,
828 2524 900 2586 sere
921 2502 1068 2573 crimina
1087 2504 1197 2574 belli:

251 2615 358 2689 Anna
377 2619 490 2707 velit,
515 2634 712 2713 poscatque
736 2616 867 2705 simul,
890 2618 1073 2711 rapiatque
1087 2620 1266 2716 juventus

310 2731 402 2802 Exin
421 2732 622 2831 Gorgoneis
641 2730 780 2820 Allecto
800 2729 926 2809 infecta
943 2734 1089 2805 venenis

252 2844 435 2941 Principio
458 2846 624 2937 Latium,
647 2863 682 2918 et
706 2844 889 2918 Laurentis
908 2864 999 2918 tecta
1021 2849 1162 2942 tyranni

251 2960 355 3033 Celsa
375 2963 493 3056 petit,
516 2963 736 3054 tacitumque
758 2961 900 3037 obsedit
925 2963 1038 3033 limen
1060 2960 1232 3034 Amatae:

250 3076 373 3182 Quam
399 3102 504 3173 super
526 3078 680 3151 adventu
697 3076 880 3157 Teucrum
902 3075 1090 3171 Turnique
1111 3078 1317 3172 hymenaeis

249 3192 440 3263 Femineae
466 3193 647 3264 ardentem
667 3214 840 3285 curaeque
861 3191 1006 3285 iraeque
1025 3194 1243 3286 coquebant.

249 3307 347 3379 Huic
369 3308 434 3379 dea
459 3308 624 3379 caeruleis
644 3332 761 3379 unum
783 3305 829 3381 de
851 3306 1009 3378 crinibus
1031 3331 1187 3405 anguem

250 3421 429 3520 Conjicit‚
452 3417 564 3517 inque
585 3422 705 3503 sinum
728 3422 931 3516 praecordia
953 3421 999 3491 ad
1024 3423 1150 3498 intima
1169 3424 1309 3497 subdit:

249 3537 339 3643 Quo
364 3537 555 3620 furibunda
579 3538 737 3609 domum
753 3554 916 3609 monstro
936 3536 1146 3631 permisceat
1170 3564 1331 3621 ornnem.

248 3653 337 3744 Ille,
364 3654 453 3740 inter
469 3672 583 3726 vestes
603 3672 638 3724 et
656 3653 746 3725 levia
763 3671 907 3748 pectora
925 3651 1070 3741 labsuS,

247 3766 418 3840 Volvitur
442 3770 582 3840 adtactu
606 3770 731 3858 nullo,
754 3766 1141 3861 fallitquefurentem,

249 3881 443 3977 Vipeream
465 3885 638 3976 inspirans
658 3883 827 3971 animam.
864 3882 905 3953 fit
922 3883 1041 3955 tortile
1062 3885 1164 3965 collo,

247 3994 388 4069 Aurum
409 3999 534 4095 ingens
554 3996 723 4086 coluber,
744 3996 785 4069 fit
805 4000 934 4096 longae
960 3998 1073 4069 taenia
1097 4001 1205 4073 vittae
1218 4050 1235 4095 ,-

247 4113 477 4206 Innectitque
497 4136 642 4200 comas,
666 4131 700 4185 et
723 4111 896 4185 membris
918 4113 1074 4191 lubricus
1098 4136 1193 4187 errat.

247 4227 300 4299 Ac
320 4227 411 4297 dum
433 4228 548 4322 prima
572 4229 648 4301 lues
667 4227 743 4299 udo
765 4228 931 4301 sublabsa
951 4253 1092 4301 veneno

249 4343 424 4415 Pertentat
449 4367 597 4433 sensus,
622 4361 728 4437 atque
756 4343 895 4416 ossibus
915 4345 1063 4439 inplicat
1083 4346 1230 4444 ignem

248 4456 415 4529 Necdum
434 4460 576 4532 animus
596 4478 673 4547 totp
695 4460 854 4554 percepit
875 4478 1020 4555 pectore
1042 4458 1254 4544 flammam

247 4571 423 4665 Mollius,
447 4595 482 4646 et
505 4576 618 4667 solito
636 4592 795 4670 matrum¹
816 4574 861 4667 de
881 4598 1006 4669 more,
1029 4577 1150 4666 locuta
1170 4596 1251 4663 est;
