3750 6217
512 731 960 809 AENEIDOS
1017 735 1170 808 VIII.
1229 763 1263 811 v.
1311 739 1373 811 28.
1463 741 1538 825 287

333 900 461 1007 Quom
480 918 580 996 pater
597 900 635 969 in
654 903 729 994 ripa
750 901 933 999 gelidique
955 901 1020 974 sub
1045 901 1193 973 aetheris
1215 926 1278 972 are

331 1015 489 1105 AeneaS,
511 1016 600 1087 tristi
620 1016 780 1086 turbatus
801 1036 946 1110 pectora
964 1018 1081 1104 bellu,

332 1131 549 1220 Procubuit,
573 1156 759 1224 seramque
780 1132 881 1202 dedit
900 1158 967 1225 per
983 1130 1145 1203 membra
1165 1131 1337 1224 quietem.

332 1246 429 1318 Huic
450 1248 539 1318 deus
561 1246 637 1339 ipse
655 1247 726 1317 loci
749 1246 859 1318 fluvio
879 1247 1070 1317 Tiberinus
1091 1271 1247 1318 amoeno

331 1361 513 1456 Populeas
533 1363 624 1431 inter
644 1363 762 1434 senior
784 1386 820 1433 se
840 1363 1013 1432 adtollere
1034 1361 1178 1433 frondes

332 1475 454 1568 Visus
493 1504 578 1547 eum
598 1479 715 1548 tenuis
736 1480 862 1574 glauco
881 1477 1022 1548 velabat
1042 1478 1174 1547 amictu

334 1593 532 1681 Carbasus,
558 1614 592 1665 et
611 1594 712 1664 crinis
732 1593 902 1663 umbrosa
921 1593 1061 1691 tegebat
1081 1593 1229 1663 arundo

333 1708 434 1777 Tum
456 1708 504 1778 sic
523 1708 655 1794 adfari,
678 1726 713 1778 et
733 1733 829 1778 curas
849 1708 904 1778 bis
925 1707 1068 1778 demere
1089 1708 1216 1779 dictis:

333 1824 369 1895 O
390 1843 461 1895 sate
484 1842 587 1920 gente
608 1824 736 1911 deirm,
758 1822 953 1893 Troianam
976 1847 1021 1893 ex
1039 1822 1204 1893 hostibus
1223 1822 1351 1892 urbem
1391 1898 1394 1903 ,

335 1940 412 2044 Qui
434 1939 566 2009 revehis
587 1938 717 2026 nobis,
745 1957 957 2030 aeternaque
977 1939 1144 2036 Pergama
1167 1962 1302 2027 servas,

335 2055 545 2148 Exspectate
566 2056 645 2125 solo
666 2054 858 2142 Laurenti,
885 2048 1047 2147 arvisque
1068 2052 1226 2132 Latini5;

336 2165 405 2240 Hic
425 2169 491 2239 tibi
513 2190 603 2240 certa
622 2170 757 2241 domus
779 2199 787 2235 ε
819 2169 923 2257 certi,
948 2194 993 2239 ne
1013 2169 1164 2256 absiste,
1189 2169 1357 2241 Penates:

337 2284 419 2354 Neu
439 2284 525 2355 belli
544 2305 666 2358 tenere
686 2285 805 2356 minis.
844 2301 967 2354 tumor
987 2285 1108 2357 omnis
1127 2304 1162 2356 et
1182 2286 1251 2354 irae

334 2399 549 2471 Concessere
567 2400 689 2472 deum.

328 2514 484 2608 Jamque
504 2516 592 2605 tibi,
614 2542 660 2587 ne
678 2540 767 2600 vana
786 2532 891 2608 putes
909 2515 994 2585 baec
1014 2515 1143 2613 lingere
1165 2539 1360 2606 somnum,

337 2629 489 2702 Litoreis
510 2631 635 2729 ingens
655 2633 799 2702 inventa
819 2630 885 2701 sub
906 2630 1048 2701 ilicibus
1069 2655 1149 2719 sus,

334 2744 496 2843 Triginta
516 2748 676 2840 capitum
696 2746 789 2820 fetus
809 2746 930 2834 enixa,
952 2746 1108 2843 jacebit;

335 2859 451 2950 Alba,
474 2864 553 2932 solo
572 2863 766 2951 recubans,
789 2861 861 2931 albi
880 2862 1012 2932 circum
1032 2860 1140 2931 ubera
1160 2862 1244 2931 nati.
1272 2910 1275 2915 -

334 2976 389 3051 Ex
408 3001 484 3069 quo
505 2976 676 3049 terdenis
696 2977 823 3047 urbem
842 2976 1071 3048 redeuntibus
1089 2976 1193 3046 annis

333 3089 506 3162 Ascanius
527 3093 608 3161 clari
629 3092 763 3162 condet
782 3091 1018 3189 cognominis,
1032 3090 1175 3161 Albam.

335 3205 444 3277 Haud
462 3208 593 3287 incerta
612 3232 713 3278 cano
752 3231 849 3278 nunc
868 3233 939 3301 qua
960 3209 1117 3295 ratione,
1141 3205 1242 3300 quod
1260 3207 1389 3297 instat,

335 3322 516 3417 Expedias
535 3323 666 3413 victor,
691 3324 835 3418 paucis,
856 3322 1015 3412 advene,
1037 3322 1189 3392 docebo.
1213 3306 1221 3325 ⁸

334 3436 487 3509 Arcades
505 3438 561 3508 bis
579 3439 671 3528 oris,
693 3442 804 3535 gen'us
823 3465 843 3508 a
864 3439 1023 3509 Pallante
1043 3436 1269 3532 profectum,

335 3552 409 3657 Qui
429 3578 547 3651 regem
568 3553 776 3624 Euandrum
798 3555 975 3643 comites,
996 3554 1059 3645 qui
1079 3553 1176 3649 signa
1195 3553 1328 3641 secuti,

334 3668 504 3767 Delegere
524 3672 666 3758 locum,
687 3688 722 3740 et
740 3694 892 3764 posuere
913 3669 952 3738 in
969 3666 1157 3740 montibus
1177 3668 1326 3756 urbem,

334 3784 504 3855 Pallantis
522 3786 645 3879 proavi
666 3786 711 3862 de
729 3786 880 3855 nomine
898 3784 1134 3855 Pallanteum.

335 3898 384 3968 Hi
407 3899 544 3991 bellum
564 3901 713 3971 adsidue
733 3902 869 3979 ducunt
886 3924 970 3970 cum
992 3918 1096 3996 gente
1117 3898 1262 3968 Latinas

333 4014 413 4083 IIos
435 4014 553 4085 castris
571 4015 702 4084 adbibe
723 4016 864 4103 socios,
889 4035 924 4087 et
944 4014 1086 4085 foedera
1101 4016 1223 4111 junge.

333 4130 417 4222 lpse
436 4154 503 4226 ego
524 4148 559 4200 te
580 4130 665 4222 ripis
686 4149 720 4202 et
740 4147 840 4211 recto¹
853 4130 1005 4201 flumine
1023 4130 1175 4215 ducam,

334 4244 536 4315 Adversum
556 4245 664 4317 remis
681 4268 823 4339 superes
843 4245 1031 4317 subvectus
1049 4264 1089 4316 ut
1108 4268 1266 4315 amnem.

334 4358 442 4456 Surge
465 4385 552 4456 age,
578 4379 660 4432 nate
680 4360 768 4440 dea;
791 4361 994 4455 primisque
1011 4360 1223 4432 cadentibus
1244 4361 1345 4432 astrls

334 4475 475 4563 junoni
491 4474 541 4546 fer
560 4479 624 4548 rite
643 4500 780 4572 preces,
804 4477 965 4569 iramque
984 4477 1176 4568 minasque

335 4590 569 4687 Srrpplicibus
590 4593 837 4688 superaveris.
880 4592 972 4663 milti
990 4594 1103 4665 victor
1122 4592 1301 4663 bonorem
