<?xml version="1.0" encoding="UTF-8"?>
<!DOCTYPE html PUBLIC "-//W3C//DTD XHTML 1.0 Transitional//EN"
    "http://www.w3.org/TR/xhtml1/DTD/xhtml1-transitional.dtd">
<html xmlns="http://www.w3.org/1999/xhtml" xml:lang="en" lang="en">
 <head>
  <title>
</title>
<meta http-equiv="Content-Type" content="text/html;charset=utf-8" />
  <meta name='ocr-system' content='tesseract 3.04.00' />
  <meta name='ocr-capabilities' content='ocr_page ocr_carea ocr_par ocr_line ocrx_word'/>
</head>
<body>
  <div class='ocr_page' id='page_1' title='image "./publiivirgiliim00brungoog_0364.png"; bbox 0 0 3750 6217; ppageno 0'>
   <div class='ocr_carea' id='block_1_1' title="bbox 544 767 1568 870">
    <p class='ocr_par' dir='ltr' id='par_1_1' title="bbox 544 767 1568 870">
     <span class='ocr_line' id='line_1_1' title="bbox 544 767 1568 870; baseline 0.026 -29"><span class='ocrx_word' id='word_1_1' title='bbox 544 767 996 864; x_wconf 78' lang='lat' dir='ltr'><strong>AENEIDOS</strong></span> <span class='ocrx_word' id='word_1_2' title='bbox 1053 775 1101 848; x_wconf 88' lang='lat' dir='ltr'>X.</span> <span class='ocrx_word' id='word_1_3' title='bbox 1160 798 1194 849; x_wconf 82' lang='lat' dir='ltr'>v.</span> <span class='ocrx_word' id='word_1_4' title='bbox 1241 797 1334 868; x_wconf 74' lang='lat'><strong>490·</strong></span> <span class='ocrx_word' id='word_1_5' title='bbox 1489 796 1568 870; x_wconf 80' lang='lat'>349</span> 
     </span>
    </p>
   </div>
   <div class='ocr_carea' id='block_1_2' title="bbox 234 935 1735 4714">
    <p class='ocr_par' dir='ltr' id='par_1_2' title="bbox 234 935 1735 3219">
     <span class='ocr_line' id='line_1_2' title="bbox 351 935 1711 1043; baseline -0.003 -32"><span class='ocrx_word' id='word_1_6' title='bbox 351 935 525 1028; x_wconf 79' lang='lat' dir='ltr'>Arcades,</span> <span class='ocrx_word' id='word_1_7' title='bbox 546 938 633 1009; x_wconf 90' lang='lat' dir='ltr'>haec</span> <span class='ocrx_word' id='word_1_8' title='bbox 645 940 820 1032; x_wconf 88' lang='lat' dir='ltr'>,inquit,</span> <span class='ocrx_word' id='word_1_9' title='bbox 841 963 1022 1010; x_wconf 85' lang='lat' dir='ltr'>memores</span> <span class='ocrx_word' id='word_1_10' title='bbox 1046 965 1127 1022; x_wconf 85' lang='lat' dir='ltr'>mea</span> <span class='ocrx_word' id='word_1_11' title='bbox 1150 939 1243 1010; x_wconf 84' lang='lat' dir='ltr'>dicta</span> <span class='ocrx_word' id='word_1_12' title='bbox 1265 938 1387 1010; x_wconf 86' lang='lat' dir='ltr'>referte</span> <span class='ocrx_word' id='word_1_13' title='bbox 1542 963 1711 1043; x_wconf 38' lang='lat' dir='ltr'>vaf-vua„</span> 
     </span>
     <span class='ocr_line' id='line_1_3' title="bbox 350 1032 1735 1146; baseline 0.001 -21"><span class='ocrx_word' id='word_1_14' title='bbox 350 1054 532 1128; x_wconf 85' lang='lat' dir='ltr'>Euandro.</span> <span class='ocrx_word' id='word_1_15' title='bbox 571 1055 715 1146; x_wconf 91' lang='lat' dir='ltr'>qualem</span> <span class='ocrx_word' id='word_1_16' title='bbox 734 1056 888 1143; x_wconf 88' lang='lat' dir='ltr'>meruit,</span> <span class='ocrx_word' id='word_1_17' title='bbox 912 1053 1071 1124; x_wconf 84' lang='lat' dir='ltr'>Pallanta</span> <span class='ocrx_word' id='word_1_18' title='bbox 1092 1057 1247 1125; x_wconf 88' lang='lat' dir='ltr'>remitto</span> <span class='ocrx_word' id='word_1_19' title='bbox 1496 1035 1540 1118; x_wconf 61' lang='lat'>⁴⁴⁹</span> <span class='ocrx_word' id='word_1_20' title='bbox 1716 1032 1735 1048; x_wconf 38' lang='lat' dir='ltr'>h</span> 
     </span>
     <span class='ocr_line' id='line_1_4' title="bbox 234 1134 1502 1274; baseline 0.001 -31"><span class='ocrx_word' id='word_1_21' title='bbox 234 1238 237 1243; x_wconf 89' lang='lat'>.</span> <span class='ocrx_word' id='word_1_22' title='bbox 350 1167 528 1274; x_wconf 79' lang='lat' dir='ltr'><strong>Quisquis</strong></span> <span class='ocrx_word' id='word_1_23' title='bbox 546 1169 667 1240; x_wconf 90' lang='lat' dir='ltr'>honos</span> <span class='ocrx_word' id='word_1_24' title='bbox 686 1170 822 1240; x_wconf 90' lang='lat' dir='ltr'>tumuli</span> <span class='ocrx_word' id='word_1_25' title='bbox 833 1169 1052 1262; x_wconf 88' lang='lat' dir='ltr'>,quidquid</span> <span class='ocrx_word' id='word_1_26' title='bbox 1071 1171 1234 1240; x_wconf 89' lang='lat' dir='ltr'>solamen</span> <span class='ocrx_word' id='word_1_27' title='bbox 1249 1168 1425 1241; x_wconf 90' lang='lat' dir='ltr'>humandi</span> <span class='ocrx_word' id='word_1_28' title='bbox 1446 1134 1502 1261; x_wconf 61' lang='lat' dir='ltr'>ed</span> 
     </span>
     <span class='ocr_line' id='line_1_5' title="bbox 350 1282 1167 1382; baseline 0.001 -28"><span class='ocrx_word' id='word_1_29' title='bbox 350 1284 504 1382; x_wconf 84' lang='lat' dir='ltr'>Largior.</span> <span class='ocrx_word' id='word_1_30' title='bbox 544 1282 642 1354; x_wconf 88' lang='lat' dir='ltr'>haud</span> <span class='ocrx_word' id='word_1_31' title='bbox 662 1285 715 1353; x_wconf 91' lang='lat' dir='ltr'>illi</span> <span class='ocrx_word' id='word_1_32' title='bbox 737 1285 882 1362; x_wconf 86' lang='lat' dir='ltr'>stabunt</span> <span class='ocrx_word' id='word_1_33' title='bbox 901 1284 1036 1356; x_wconf 84' lang='lat' dir='ltr'>Aeneia</span> <span class='ocrx_word' id='word_1_34' title='bbox 1057 1309 1167 1377; x_wconf 85' lang='lat' dir='ltr'>parvo</span> 
     </span>
     <span class='ocr_line' id='line_1_6' title="bbox 348 1397 1232 1494; baseline 0.005 -26"><span class='ocrx_word' id='word_1_35' title='bbox 348 1399 528 1493; x_wconf 89' lang='lat' dir='ltr'>Hospitia.</span> <span class='ocrx_word' id='word_1_36' title='bbox 566 1416 602 1469; x_wconf 90' lang='lat' dir='ltr'>et</span> <span class='ocrx_word' id='word_1_37' title='bbox 618 1399 719 1470; x_wconf 85' lang='lat' dir='ltr'>laevo</span> <span class='ocrx_word' id='word_1_38' title='bbox 737 1400 863 1494; x_wconf 81' lang='lat' dir='ltr'><strong>pressit</strong></span> <span class='ocrx_word' id='word_1_39' title='bbox 882 1399 993 1494; x_wconf 90' lang='lat' dir='ltr'>pede,</span> <span class='ocrx_word' id='word_1_40' title='bbox 1017 1400 1100 1477; x_wconf 84' lang='lat' dir='ltr'>talia</span> <span class='ocrx_word' id='word_1_41' title='bbox 1120 1397 1232 1489; x_wconf 87' lang='lat' dir='ltr'>fatus,</span> 
     </span>
     <span class='ocr_line' id='line_1_7' title="bbox 347 1514 1262 1608; baseline -0.002 -22"><span class='ocrx_word' id='word_1_42' title='bbox 347 1514 584 1602; x_wconf 84' lang='lat' dir='ltr'>Exanimem,</span> <span class='ocrx_word' id='word_1_43' title='bbox 608 1515 749 1608; x_wconf 88' lang='lat' dir='ltr'>rapiens</span> <span class='ocrx_word' id='word_1_44' title='bbox 770 1515 929 1587; x_wconf 88' lang='lat' dir='ltr'>inmania</span> <span class='ocrx_word' id='word_1_45' title='bbox 950 1514 1112 1608; x_wconf 89' lang='lat' dir='ltr'>pondera</span> <span class='ocrx_word' id='word_1_46' title='bbox 1132 1515 1262 1604; x_wconf 89' lang='lat' dir='ltr'>baltei,</span> 
     </span>
     <span class='ocr_line' id='line_1_8' title="bbox 348 1627 1223 1727; baseline 0 -29"><span class='ocrx_word' id='word_1_47' title='bbox 348 1627 632 1723; x_wconf 87' lang='lat' dir='ltr'>Inpressumque</span> <span class='ocrx_word' id='word_1_48' title='bbox 650 1629 748 1702; x_wconf 90' lang='lat' dir='ltr'>nefas</span> <span class='ocrx_word' id='word_1_49' title='bbox 770 1657 778 1699; x_wconf 77' lang='grc' dir='ltr'><strong>ι</strong></span> <span class='ocrx_word' id='word_1_50' title='bbox 808 1654 879 1701; x_wconf 88' lang='lat' dir='ltr'>una</span> <span class='ocrx_word' id='word_1_51' title='bbox 900 1630 967 1702; x_wconf 87' lang='lat' dir='ltr'>sub</span> <span class='ocrx_word' id='word_1_52' title='bbox 988 1649 1094 1700; x_wconf 92' lang='lat' dir='ltr'>nocte</span> <span class='ocrx_word' id='word_1_53' title='bbox 1109 1630 1223 1727; x_wconf 84' lang='lat' dir='ltr'>jugali</span> 
     </span>
     <span class='ocr_line' id='line_1_9' title="bbox 348 1742 1373 1841; baseline 0.004 -28"><span class='ocrx_word' id='word_1_54' title='bbox 348 1743 459 1815; x_wconf 85' lang='lat' dir='ltr'>Caesa</span> <span class='ocrx_word' id='word_1_55' title='bbox 478 1768 608 1825; x_wconf 84' lang='lat' dir='ltr'>manns</span> <span class='ocrx_word' id='word_1_56' title='bbox 623 1745 802 1841; x_wconf 88' lang='lat' dir='ltr'>juvenum</span> <span class='ocrx_word' id='word_1_57' title='bbox 823 1742 949 1834; x_wconf 88' lang='lat' dir='ltr'>foede,</span> <span class='ocrx_word' id='word_1_58' title='bbox 973 1746 1195 1838; x_wconf 81' lang='lat' dir='ltr'>thalamique</span> <span class='ocrx_word' id='word_1_59' title='bbox 1216 1746 1373 1817; x_wconf 89' lang='lat' dir='ltr'>cruenti:</span> 
     </span>
     <span class='ocr_line' id='line_1_10' title="bbox 346 1857 1300 1962; baseline -0.002 -32"><span class='ocrx_word' id='word_1_60' title='bbox 346 1858 452 1962; x_wconf 75' lang='lat' dir='ltr'>Quae</span> <span class='ocrx_word' id='word_1_61' title='bbox 473 1857 612 1930; x_wconf 92' lang='lat' dir='ltr'>Clonus</span> <span class='ocrx_word' id='word_1_62' title='bbox 632 1860 819 1953; x_wconf 82' lang='lat' dir='ltr'>Eurytides</span> <span class='ocrx_word' id='word_1_63' title='bbox 839 1863 958 1931; x_wconf 90' lang='lat' dir='ltr'>multo</span> <span class='ocrx_word' id='word_1_64' title='bbox 980 1861 1169 1931; x_wconf 81' lang='lat' dir='ltr'>caelaverat</span> <span class='ocrx_word' id='word_1_65' title='bbox 1188 1885 1300 1930; x_wconf 88' lang='lat' dir='ltr'>auro:</span> 
     </span>
     <span class='ocr_line' id='line_1_11' title="bbox 346 1972 1352 2076; baseline 0.005 -33"><span class='ocrx_word' id='word_1_66' title='bbox 346 1972 434 2076; x_wconf 76' lang='lat' dir='ltr'>Quo</span> <span class='ocrx_word' id='word_1_67' title='bbox 455 1998 551 2045; x_wconf 92' lang='lat' dir='ltr'>nunc</span> <span class='ocrx_word' id='word_1_68' title='bbox 567 1972 712 2046; x_wconf 88' lang='lat' dir='ltr'>Turnus</span> <span class='ocrx_word' id='word_1_69' title='bbox 733 1994 816 2046; x_wconf 83' lang='lat' dir='ltr'>ovat</span> <span class='ocrx_word' id='word_1_70' title='bbox 837 1975 957 2069; x_wconf 92' lang='lat' dir='ltr'>spolio</span> <span class='ocrx_word' id='word_1_71' title='bbox 979 1975 1182 2072; x_wconf 83' lang='lat' dir='ltr'>gaudetque</span> <span class='ocrx_word' id='word_1_72' title='bbox 1202 1977 1352 2070; x_wconf 78' lang='lat' dir='ltr'>potitus.</span> 
     </span>
     <span class='ocr_line' id='line_1_12' title="bbox 345 2087 1266 2181; baseline 0.004 -25"><span class='ocrx_word' id='word_1_73' title='bbox 345 2087 472 2160; x_wconf 86' lang='lat' dir='ltr'>Nescia</span> <span class='ocrx_word' id='word_1_74' title='bbox 491 2114 595 2161; x_wconf 91' lang='lat' dir='ltr'>mens</span> <span class='ocrx_word' id='word_1_75' title='bbox 613 2091 808 2160; x_wconf 85' lang='lat' dir='ltr'>hominum</span> <span class='ocrx_word' id='word_1_76' title='bbox 828 2089 890 2161; x_wconf 85' lang='lat' dir='ltr'>fati</span> <span class='ocrx_word' id='word_1_77' title='bbox 911 2092 1086 2181; x_wconf 89' lang='lat' dir='ltr'>sortisque</span> <span class='ocrx_word' id='word_1_78' title='bbox 1104 2089 1266 2181; x_wconf 85' lang='lat' dir='ltr'>futurae,</span> 
     </span>
     <span class='ocr_line' id='line_1_13' title="bbox 344 2202 1196 2286; baseline 0.006 -15"><span class='ocrx_word' id='word_1_79' title='bbox 344 2202 389 2274; x_wconf 87' lang='lat' dir='ltr'>Et</span> <span class='ocrx_word' id='word_1_80' title='bbox 408 2228 539 2283; x_wconf 84' lang='lat' dir='ltr'>servare</span> <span class='ocrx_word' id='word_1_81' title='bbox 559 2206 715 2286; x_wconf 92' lang='lat' dir='ltr'>modum</span> <span class='ocrx_word' id='word_1_82' title='bbox 734 2205 839 2277; x_wconf 85' lang='lat' dir='ltr'>rebus</span> <span class='ocrx_word' id='word_1_83' title='bbox 859 2205 998 2277; x_wconf 85' lang='lat' dir='ltr'>sublata</span> <span class='ocrx_word' id='word_1_84' title='bbox 1022 2206 1196 2277; x_wconf 85' lang='lat' dir='ltr'>secundis.</span> 
     </span>
     <span class='ocr_line' id='line_1_14' title="bbox 344 2316 1391 2418; baseline 0.01 -33"><span class='ocrx_word' id='word_1_85' title='bbox 344 2316 469 2390; x_wconf 87' lang='lat' dir='ltr'>Turno</span> <span class='ocrx_word' id='word_1_86' title='bbox 489 2339 635 2414; x_wconf 88' lang='lat' dir='ltr'>tempus</span> <span class='ocrx_word' id='word_1_87' title='bbox 654 2322 740 2408; x_wconf 87' lang='lat' dir='ltr'>erit,</span> <span class='ocrx_word' id='word_1_88' title='bbox 763 2345 899 2418; x_wconf 84' lang='lat' dir='ltr'>magno</span> <span class='ocrx_word' id='word_1_89' title='bbox 921 2345 1036 2412; x_wconf 82' lang='lat' dir='ltr'>quom</span> <span class='ocrx_word' id='word_1_90' title='bbox 1057 2322 1231 2415; x_wconf 87' lang='lat' dir='ltr'>optaverit</span> <span class='ocrx_word' id='word_1_91' title='bbox 1250 2340 1391 2395; x_wconf 90' lang='lat' dir='ltr'>emtum</span> 
     </span>
     <span class='ocr_line' id='line_1_15' title="bbox 343 2430 1353 2530; baseline 0.007 -30"><span class='ocrx_word' id='word_1_92' title='bbox 343 2430 523 2513; x_wconf 79' lang='lat' dir='ltr'>Intacturn</span> <span class='ocrx_word' id='word_1_93' title='bbox 547 2435 725 2524; x_wconf 88' lang='lat' dir='ltr'>Pallanta,</span> <span class='ocrx_word' id='word_1_94' title='bbox 747 2455 782 2507; x_wconf 88' lang='lat' dir='ltr'>et</span> <span class='ocrx_word' id='word_1_95' title='bbox 801 2460 917 2528; x_wconf 92' lang='lat' dir='ltr'>quom</span> <span class='ocrx_word' id='word_1_96' title='bbox 940 2435 1057 2527; x_wconf 87' lang='lat' dir='ltr'>spolia</span> <span class='ocrx_word' id='word_1_97' title='bbox 1077 2437 1160 2523; x_wconf 87' lang='lat' dir='ltr'>ista,</span> <span class='ocrx_word' id='word_1_98' title='bbox 1181 2436 1353 2530; x_wconf 89' lang='lat' dir='ltr'>diemque</span> 
     </span>
     <span class='ocr_line' id='line_1_16' title="bbox 341 2548 1200 2647; baseline 0.003 -30"><span class='ocrx_word' id='word_1_99' title='bbox 341 2548 478 2620; x_wconf 91' lang='lat' dir='ltr'>Oderit.</span> <span class='ocrx_word' id='word_1_100' title='bbox 517 2568 553 2620; x_wconf 90' lang='lat' dir='ltr'>at</span> <span class='ocrx_word' id='word_1_101' title='bbox 573 2551 660 2621; x_wconf 88' lang='lat' dir='ltr'>socii</span> <span class='ocrx_word' id='word_1_102' title='bbox 677 2552 796 2621; x_wconf 90' lang='lat' dir='ltr'>multo</span> <span class='ocrx_word' id='word_1_103' title='bbox 816 2551 953 2647; x_wconf 88' lang='lat' dir='ltr'>gemitu</span> <span class='ocrx_word' id='word_1_104' title='bbox 972 2548 1200 2642; x_wconf 87' lang='lat' dir='ltr'>lacrimisque</span> 
     </span>
     <span class='ocr_line' id='line_1_17' title="bbox 340 2660 1255 2756; baseline 0.007 -26"><span class='ocrx_word' id='word_1_105' title='bbox 340 2660 548 2755; x_wconf 90' lang='lat' dir='ltr'>Inpositum</span> <span class='ocrx_word' id='word_1_106' title='bbox 571 2684 672 2745; x_wconf 87' lang='lat' dir='ltr'>scuto</span> <span class='ocrx_word' id='word_1_107' title='bbox 688 2663 842 2749; x_wconf 81' lang='lat' dir='ltr'>refenrnt</span> <span class='ocrx_word' id='word_1_108' title='bbox 863 2664 1021 2735; x_wconf 85' lang='lat' dir='ltr'>Pallanta</span> <span class='ocrx_word' id='word_1_109' title='bbox 1041 2661 1255 2756; x_wconf 87' lang='lat' dir='ltr'>frequentes.</span> 
     </span>
     <span class='ocr_line' id='line_1_18' title="bbox 340 2776 1353 2877; baseline 0.005 -31"><span class='ocrx_word' id='word_1_110' title='bbox 340 2776 376 2846; x_wconf 95' lang='grc' dir='ltr'>Ο</span> <span class='ocrx_word' id='word_1_111' title='bbox 397 2779 525 2867; x_wconf 88' lang='lat' dir='ltr'>dolor,</span> <span class='ocrx_word' id='word_1_112' title='bbox 548 2797 655 2872; x_wconf 90' lang='lat' dir='ltr'>atque</span> <span class='ocrx_word' id='word_1_113' title='bbox 675 2780 783 2851; x_wconf 89' lang='lat' dir='ltr'>decus</span> <span class='ocrx_word' id='word_1_114' title='bbox 802 2802 1001 2877; x_wconf 84' lang='lat' dir='ltr'>magnum,</span> <span class='ocrx_word' id='word_1_115' title='bbox 1025 2778 1176 2867; x_wconf 79' lang='lat' dir='ltr'>rediture</span> <span class='ocrx_word' id='word_1_116' title='bbox 1197 2781 1353 2873; x_wconf 79' lang='lat' dir='ltr'>parenri3</span> 
     </span>
     <span class='ocr_line' id='line_1_19' title="bbox 339 2890 1395 2987; baseline 0.006 -26"><span class='ocrx_word' id='word_1_117' title='bbox 339 2890 438 2962; x_wconf 89' lang='lat' dir='ltr'>Haec</span> <span class='ocrx_word' id='word_1_118' title='bbox 457 2912 492 2963; x_wconf 90' lang='lat' dir='ltr'>te</span> <span class='ocrx_word' id='word_1_119' title='bbox 510 2895 625 2987; x_wconf 88' lang='lat' dir='ltr'>prima</span> <span class='ocrx_word' id='word_1_120' title='bbox 643 2895 719 2965; x_wconf 91' lang='lat' dir='ltr'>dies</span> <span class='ocrx_word' id='word_1_121' title='bbox 739 2894 838 2964; x_wconf 88' lang='lat' dir='ltr'>bello</span> <span class='ocrx_word' id='word_1_122' title='bbox 860 2894 983 2982; x_wconf 90' lang='lat' dir='ltr'>dedit,</span> <span class='ocrx_word' id='word_1_123' title='bbox 1008 2895 1093 2963; x_wconf 90' lang='lat' dir='ltr'>haec</span> <span class='ocrx_word' id='word_1_124' title='bbox 1113 2894 1240 2964; x_wconf 88' lang='lat' dir='ltr'>eadem</span> <span class='ocrx_word' id='word_1_125' title='bbox 1261 2894 1395 2970; x_wconf 84' lang='lat' dir='ltr'>aufert:</span> 
     </span>
     <span class='ocr_line' id='line_1_20' title="bbox 341 3006 1366 3111; baseline 0.007 -36"><span class='ocrx_word' id='word_1_126' title='bbox 341 3006 469 3111; x_wconf 76' lang='lat' dir='ltr'>Quom</span> <span class='ocrx_word' id='word_1_127' title='bbox 490 3027 611 3080; x_wconf 88' lang='lat' dir='ltr'>tamen</span> <span class='ocrx_word' id='word_1_128' title='bbox 632 3009 785 3106; x_wconf 86' lang='lat' dir='ltr'>ingentis</span> <span class='ocrx_word' id='word_1_129' title='bbox 805 3006 1022 3079; x_wconf 88' lang='lat' dir='ltr'>Rutulorum</span> <span class='ocrx_word' id='word_1_130' title='bbox 1044 3007 1180 3098; x_wconf 85' lang='lat' dir='ltr'>linqui&#39;s</span> <span class='ocrx_word' id='word_1_131' title='bbox 1200 3011 1366 3082; x_wconf 80' lang='lat' dir='ltr'>acervos!</span> 
     </span>
     <span class='ocr_line' id='line_1_21' title="bbox 398 3121 1296 3219; baseline 0.006 -28"><span class='ocrx_word' id='word_1_132' title='bbox 398 3122 473 3193; x_wconf 89' lang='lat' dir='ltr'>Nec</span> <span class='ocrx_word' id='word_1_133' title='bbox 489 3126 565 3219; x_wconf 90' lang='lat' dir='ltr'>jam</span> <span class='ocrx_word' id='word_1_134' title='bbox 587 3121 682 3193; x_wconf 89' lang='lat' dir='ltr'>fama</span> <span class='ocrx_word' id='word_1_135' title='bbox 700 3124 785 3195; x_wconf 92' lang='lat' dir='ltr'>mali</span> <span class='ocrx_word' id='word_1_136' title='bbox 808 3124 918 3212; x_wconf 92' lang='lat' dir='ltr'>tanti,</span> <span class='ocrx_word' id='word_1_137' title='bbox 945 3123 1006 3199; x_wconf 82' lang='lat' dir='ltr'>sed</span> <span class='ocrx_word' id='word_1_138' title='bbox 1028 3123 1153 3195; x_wconf 84' lang='lat' dir='ltr'>certior</span> <span class='ocrx_word' id='word_1_139' title='bbox 1172 3142 1296 3195; x_wconf 86' lang='lat' dir='ltr'>auctor</span> 
     </span>
    </p>

    <p class='ocr_par' dir='ltr' id='par_1_3' title="bbox 331 3235 1423 4596">
     <span class='ocr_line' id='line_1_22' title="bbox 337 3235 1110 3327; baseline 0.005 -21"><span class='ocrx_word' id='word_1_140' title='bbox 337 3235 495 3309; x_wconf 84' lang='lat' dir='ltr'>Advolat</span> <span class='ocrx_word' id='word_1_141' title='bbox 514 3238 676 3327; x_wconf 86' lang='lat' dir='ltr'>Aeneae,</span> <span class='ocrx_word' id='word_1_142' title='bbox 701 3239 801 3309; x_wconf 91' lang='lat' dir='ltr'>tenui</span> <span class='ocrx_word' id='word_1_143' title='bbox 823 3238 1029 3317; x_wconf 87' lang='lat' dir='ltr'>discrimine</span> <span class='ocrx_word' id='word_1_144' title='bbox 1050 3238 1110 3310; x_wconf 84' lang='lat' dir='ltr'>leti</span> 
     </span>
     <span class='ocr_line' id='line_1_23' title="bbox 337 3351 1274 3447; baseline 0.004 -27"><span class='ocrx_word' id='word_1_145' title='bbox 337 3351 422 3423; x_wconf 87' lang='lat' dir='ltr'>Esse</span> <span class='ocrx_word' id='word_1_146' title='bbox 442 3378 525 3424; x_wconf 86' lang='lat' dir='ltr'>suos</span> <span class='ocrx_word' id='word_1_147' title='bbox 553 3383 563 3423; x_wconf 74' lang='lat' dir='ltr'>a</span> <span class='ocrx_word' id='word_1_148' title='bbox 589 3372 756 3447; x_wconf 84' lang='lat' dir='ltr'>tempus,</span> <span class='ocrx_word' id='word_1_149' title='bbox 776 3355 883 3425; x_wconf 83' lang='lat' dir='ltr'>versis</span> <span class='ocrx_word' id='word_1_150' title='bbox 902 3377 1099 3437; x_wconf 87' lang='lat' dir='ltr'>succurrere</span> <span class='ocrx_word' id='word_1_151' title='bbox 1118 3352 1274 3427; x_wconf 88' lang='lat' dir='ltr'>Teucris.</span> 
     </span>
     <span class='ocr_line' id='line_1_24' title="bbox 337 3466 1423 3567; baseline 0.007 -32"><span class='ocrx_word' id='word_1_152' title='bbox 337 3466 518 3538; x_wconf 85' lang='lat' dir='ltr'>Proxuma</span> <span class='ocrx_word' id='word_1_153' title='bbox 538 3494 703 3561; x_wconf 86' lang='lat' dir='ltr'>quaeque</span> <span class='ocrx_word' id='word_1_154' title='bbox 719 3469 824 3538; x_wconf 90' lang='lat' dir='ltr'>metit</span> <span class='ocrx_word' id='word_1_155' title='bbox 840 3468 983 3566; x_wconf 86' lang='lat' dir='ltr'>gladio,</span> <span class='ocrx_word' id='word_1_156' title='bbox 1004 3469 1190 3559; x_wconf 80' lang='lat' dir='ltr'>latumque</span> <span class='ocrx_word' id='word_1_157' title='bbox 1211 3493 1275 3560; x_wconf 89' lang='lat' dir='ltr'>per</span> <span class='ocrx_word' id='word_1_158' title='bbox 1294 3495 1423 3567; x_wconf 83' lang='lat' dir='ltr'>agmen</span> 
     </span>
     <span class='ocr_line' id='line_1_25' title="bbox 335 3579 1346 3681; baseline 0.005 -30"><span class='ocrx_word' id='word_1_159' title='bbox 335 3579 474 3654; x_wconf 84' lang='lat' dir='ltr'>Ardens</span> <span class='ocrx_word' id='word_1_160' title='bbox 491 3584 646 3653; x_wconf 89' lang='lat' dir='ltr'>limitem</span> <span class='ocrx_word' id='word_1_161' title='bbox 666 3585 739 3681; x_wconf 83' lang='lat' dir='ltr'>agit</span> <span class='ocrx_word' id='word_1_162' title='bbox 757 3582 847 3653; x_wconf 86' lang='lat' dir='ltr'>ferro</span> <span class='ocrx_word' id='word_1_163' title='bbox 865 3614 874 3662; x_wconf 92' lang='lat'>;</span> <span class='ocrx_word' id='word_1_164' title='bbox 897 3602 954 3672; x_wconf 87' lang='lat' dir='ltr'>te,</span> <span class='ocrx_word' id='word_1_165' title='bbox 977 3583 1122 3670; x_wconf 88' lang='lat' dir='ltr'>Turne,</span> <span class='ocrx_word' id='word_1_166' title='bbox 1149 3584 1346 3676; x_wconf 84' lang='lat' dir='ltr'>superbum</span> 
     </span>
     <span class='ocr_line' id='line_1_26' title="bbox 336 3695 1326 3792; baseline 0.005 -27"><span class='ocrx_word' id='word_1_167' title='bbox 336 3695 454 3768; x_wconf 89' lang='lat' dir='ltr'>Caede</span> <span class='ocrx_word' id='word_1_168' title='bbox 475 3723 568 3783; x_wconf 85' lang='lat' dir='ltr'>nova</span> <span class='ocrx_word' id='word_1_169' title='bbox 589 3724 771 3792; x_wconf 89' lang='lat' dir='ltr'>quaerens.</span> <span class='ocrx_word' id='word_1_170' title='bbox 808 3698 946 3789; x_wconf 80' lang='lat' dir='ltr'>Pallas,</span> <span class='ocrx_word' id='word_1_171' title='bbox 973 3696 1159 3785; x_wconf 83' lang='lat' dir='ltr'>Euander,</span> <span class='ocrx_word' id='word_1_172' title='bbox 1182 3697 1218 3767; x_wconf 92' lang='lat' dir='ltr'>in</span> <span class='ocrx_word' id='word_1_173' title='bbox 1238 3698 1326 3792; x_wconf 83' lang='lat' dir='ltr'>ipsis</span> 
     </span>
     <span class='ocr_line' id='line_1_27' title="bbox 334 3811 1360 3905; baseline 0.004 -24"><span class='ocrx_word' id='word_1_174' title='bbox 334 3814 471 3881; x_wconf 90' lang='lat' dir='ltr'>Omnia</span> <span class='ocrx_word' id='word_1_175' title='bbox 493 3832 575 3884; x_wconf 90' lang='lat' dir='ltr'>sunt</span> <span class='ocrx_word' id='word_1_176' title='bbox 594 3814 707 3886; x_wconf 87' lang='lat' dir='ltr'>oculis</span> <span class='ocrx_word' id='word_1_177' title='bbox 726 3841 737 3901; x_wconf 77' lang='lat'>².</span> <span class='ocrx_word' id='word_1_178' title='bbox 764 3838 933 3901; x_wconf 89' lang='lat' dir='ltr'>mensae,</span> <span class='ocrx_word' id='word_1_179' title='bbox 960 3836 1048 3905; x_wconf 90' lang='lat' dir='ltr'>quas</span> <span class='ocrx_word' id='word_1_180' title='bbox 1068 3811 1204 3881; x_wconf 88' lang='lat' dir='ltr'>advena</span> <span class='ocrx_word' id='word_1_181' title='bbox 1226 3815 1360 3905; x_wconf 88' lang='lat' dir='ltr'>primas</span> 
     </span>
     <span class='ocr_line' id='line_1_28' title="bbox 334 3925 1366 4021; baseline 0.003 -26"><span class='ocrx_word' id='word_1_182' title='bbox 334 3925 441 3995; x_wconf 87' lang='lat' dir='ltr'>Tunc</span> <span class='ocrx_word' id='word_1_183' title='bbox 458 3929 568 4015; x_wconf 90' lang='lat' dir='ltr'>adiit,</span> <span class='ocrx_word' id='word_1_184' title='bbox 587 3927 802 4021; x_wconf 76' lang='lat' dir='ltr'>dextraeque</span> <span class='ocrx_word' id='word_1_185' title='bbox 820 3929 932 4001; x_wconf 89' lang='lat' dir='ltr'>datae.</span> <span class='ocrx_word' id='word_1_186' title='bbox 973 3925 1148 3997; x_wconf 90' lang='lat' dir='ltr'>Sulmone</span> <span class='ocrx_word' id='word_1_187' title='bbox 1168 3945 1302 4000; x_wconf 89' lang='lat' dir='ltr'>creatos</span> <span class='ocrx_word' id='word_1_188' title='bbox 1364 3932 1366 3937; x_wconf 80' lang='grc'><strong>’</strong></span> 
     </span>
     <span class='ocr_line' id='line_1_29' title="bbox 334 4038 1385 4142; baseline 0.008 -33"><span class='ocrx_word' id='word_1_189' title='bbox 334 4040 501 4142; x_wconf 74' lang='lat' dir='ltr'>Quattuor</span> <span class='ocrx_word' id='word_1_190' title='bbox 519 4038 576 4119; x_wconf 80' lang='lat' dir='ltr'>hic</span> <span class='ocrx_word' id='word_1_191' title='bbox 591 4045 760 4138; x_wconf 85' lang='lat' dir='ltr'>juvenes;</span> <span class='ocrx_word' id='word_1_192' title='bbox 784 4042 965 4131; x_wconf 90' lang='lat' dir='ltr'>totidem,</span> <span class='ocrx_word' id='word_1_193' title='bbox 989 4066 1084 4135; x_wconf 90' lang='lat' dir='ltr'>quos</span> <span class='ocrx_word' id='word_1_194' title='bbox 1104 4041 1233 4112; x_wconf 88' lang='lat' dir='ltr'>educat</span> <span class='ocrx_word' id='word_1_195' title='bbox 1252 4039 1385 4135; x_wconf 87' lang='lat' dir='ltr'>Ufens,</span> 
     </span>
     <span class='ocr_line' id='line_1_30' title="bbox 332 4153 1256 4251; baseline 0.003 -28"><span class='ocrx_word' id='word_1_196' title='bbox 332 4153 501 4227; x_wconf 75' lang='lat' dir='ltr'>l&#39;irentis</span> <span class='ocrx_word' id='word_1_197' title='bbox 520 4158 630 4251; x_wconf 91' lang='lat' dir='ltr'>rapit,</span> <span class='ocrx_word' id='word_1_198' title='bbox 652 4156 792 4228; x_wconf 86' lang='lat' dir='ltr'>inferias</span> <span class='ocrx_word' id='word_1_199' title='bbox 810 4181 904 4249; x_wconf 89' lang='lat' dir='ltr'>quos</span> <span class='ocrx_word' id='word_1_200' title='bbox 925 4157 1079 4235; x_wconf 86' lang='lat' dir='ltr'>inmolet</span> <span class='ocrx_word' id='word_1_201' title='bbox 1097 4154 1256 4246; x_wconf 85' lang='lat' dir='ltr'>umbris,</span> 
     </span>
     <span class='ocr_line' id='line_1_31' title="bbox 333 4268 1254 4368; baseline 0.003 -29"><span class='ocrx_word' id='word_1_202' title='bbox 333 4269 565 4364; x_wconf 81' lang='lat' dir='ltr'>Captivoque</span> <span class='ocrx_word' id='word_1_203' title='bbox 583 4273 660 4368; x_wconf 85' lang='lat' dir='ltr'>rogi</span> <span class='ocrx_word' id='word_1_204' title='bbox 679 4270 870 4365; x_wconf 84' lang='lat' dir='ltr'>perfundat</span> <span class='ocrx_word' id='word_1_205' title='bbox 888 4272 1059 4368; x_wconf 85' lang='lat' dir='ltr'>sangnine</span> <span class='ocrx_word' id='word_1_206' title='bbox 1077 4268 1254 4342; x_wconf 89' lang='lat' dir='ltr'>flammas.</span> 
     </span>
     <span class='ocr_line' id='line_1_32' title="bbox 331 4370 1330 4483; baseline 0.004 -30"><span class='ocrx_word' id='word_1_207' title='bbox 331 4370 423 4454; x_wconf 85' lang='lat' dir='ltr'>Inde</span> <span class='ocrx_word' id='word_1_208' title='bbox 443 4385 551 4483; x_wconf 82' lang='lat' dir='ltr'>Mago</span> <span class='ocrx_word' id='word_1_209' title='bbox 573 4387 702 4481; x_wconf 92' lang='lat' dir='ltr'>procul</span> <span class='ocrx_word' id='word_1_210' title='bbox 722 4384 899 4457; x_wconf 83' lang='lat' dir='ltr'>infensam</span> <span class='ocrx_word' id='word_1_211' title='bbox 918 4385 1152 4457; x_wconf 89' lang='lat' dir='ltr'>contenderat</span> <span class='ocrx_word' id='word_1_212' title='bbox 1171 4386 1330 4469; x_wconf 82' lang='lat' dir='ltr'>hastam;</span> 
     </span>
     <span class='ocr_line' id='line_1_33' title="bbox 331 4500 1305 4596; baseline 0.005 -27"><span class='ocrx_word' id='word_1_213' title='bbox 331 4500 399 4570; x_wconf 91' lang='lat' dir='ltr'>Ille</span> <span class='ocrx_word' id='word_1_214' title='bbox 419 4521 495 4572; x_wconf 90' lang='lat' dir='ltr'>astu</span> <span class='ocrx_word' id='word_1_215' title='bbox 515 4501 632 4582; x_wconf 89' lang='lat' dir='ltr'>subit;</span> <span class='ocrx_word' id='word_1_216' title='bbox 650 4526 690 4572; x_wconf 89' lang='lat' dir='ltr'>ac</span> <span class='ocrx_word' id='word_1_217' title='bbox 707 4500 945 4572; x_wconf 87' lang='lat' dir='ltr'>tremebunda</span> <span class='ocrx_word' id='word_1_218' title='bbox 965 4501 1169 4596; x_wconf 85' lang='lat' dir='ltr'>supervolat</span> <span class='ocrx_word' id='word_1_219' title='bbox 1187 4501 1282 4573; x_wconf 88' lang='lat' dir='ltr'>hasta</span> <span class='ocrx_word' id='word_1_220' title='bbox 1293 4533 1305 4583; x_wconf 66' lang='lat' dir='ltr'>a</span> 
     </span>
    </p>

    <p class='ocr_par' dir='ltr' id='par_1_4' title="bbox 259 4614 1188 4714">
     <span class='ocr_line' id='line_1_34' title="bbox 259 4614 1188 4714; baseline -0.009 -22"><span class='ocrx_word' id='word_1_221' title='bbox 259 4684 263 4692; x_wconf 78' lang='lat'><em>.</em></span> <span class='ocrx_word' id='word_1_222' title='bbox 329 4615 374 4687; x_wconf 88' lang='lat' dir='ltr'>Et</span> <span class='ocrx_word' id='word_1_223' title='bbox 394 4641 509 4714; x_wconf 88' lang='lat' dir='ltr'>genua</span> <span class='ocrx_word' id='word_1_224' title='bbox 529 4620 749 4712; x_wconf 77' lang='lat' dir='ltr'>amplectens</span> <span class='ocrx_word' id='word_1_225' title='bbox 769 4614 891 4688; x_wconf 82' lang='lat' dir='ltr'>effatur</span> <span class='ocrx_word' id='word_1_226' title='bbox 909 4618 992 4688; x_wconf 88' lang='lat' dir='ltr'>talia</span> <span class='ocrx_word' id='word_1_227' title='bbox 1012 4617 1188 4711; x_wconf 84' lang='lat' dir='ltr'>supplex:</span> 
     </span>
    </p>
   </div>
   <div class='ocr_carea' id='block_1_3' title="bbox 0 0 1880 6217">
    <p class='ocr_par' dir='ltr' id='par_1_5' title="bbox 0 0 1880 6217">
     <span class='ocr_line' id='line_1_35' title="bbox 0 0 1880 6217; baseline 0 4"><span class='ocrx_word' id='word_1_228' title='bbox 0 0 1880 6217; x_wconf 95' lang='lat' dir='ltr'> </span> 
     </span>
    </p>
   </div>
  </div>
 </body>
</html>
