3750 6217
548 727 998 810 AENEIDOS
1056 731 1141 810 IV.
1198 758 1231 808 v.
1277 736 1338 812 28.
1471 729 1548 825 185

334 900 405 972 Ille
422 924 549 991 meos,
572 903 712 996 primus
730 904 794 996 qui
811 928 872 974 me
894 904 962 975 sibi
978 904 1122 1003 junxit,
1143 926 1283 973 amores

334 1016 497 1089 Abstulit
520 1046 528 1086 ε
558 1019 628 1089 ille.
640 1018 769 1090 habeat
787 1043 930 1108 secum,
956 1038 1138 1113 servetque
1159 1019 1332 1110 sepulcro.

392 1131 449 1204 Sic
471 1131 571 1205 effata
591 1134 713 1204 sinum
732 1134 890 1207 lacrimis
910 1135 1064 1229 inplevit
1085 1133 1233 1205 obortis.

335 1246 441 1319 Anna
462 1247 595 1339 refert,
625 1249 662 1320 Ο
679 1251 758 1322 luce
778 1250 892 1347 magis
912 1250 1043 1321 dilecta
1067 1249 1205 1339 sorori,

335 1360 468 1434 Solane
487 1383 661 1459 perpetua
683 1388 846 1437 maerens
863 1390 1006 1461 carpere
1022 1365 1201 1463 juventa?

336 1475 412 1549 Nec
433 1479 550 1552 dulcis
572 1497 699 1570 natos,
722 1478 875 1551 Veneris
894 1504 961 1551 nec
981 1479 1139 1573 praemia
1161 1480 1291 1551 noris?

337 1592 384 1663 ld
403 1594 558 1666 cinerem
575 1613 635 1667 aut
655 1594 774 1668 Manis
792 1595 904 1667 credis
922 1618 1038 1666 curare
1060 1595 1256 1688 sepultos?

338 1708 426 1781 Esto
449 1738 456 1778 :
486 1735 626 1808 aegram
646 1713 739 1781 nulli
758 1711 947 1805 quondam
966 1709 1094 1780 flexere
1113 1711 1254 1782 mariti:

337 1820 426 1896 Non
446 1824 601 1920 Libyae,
621 1848 699 1896 non
721 1844 801 1897 ante
823 1815 922 1920 Tyro
949 1848 957 1894 t
986 1824 1175 1919 despectus
1194 1825 1337 1918 IarbaS,

338 1935 586 2035 Ductoresque
608 1940 692 2030 alii,
715 1964 810 2036 quos
830 1939 946 2013 Africa
965 1960 1055 2013 terra
1075 1941 1266 2035 triumphis

338 2053 448 2127 Dives
466 2053 537 2126 alit.
578 2056 762 2152 placitone
782 2056 889 2127 etiam
909 2052 1086 2156 pugnabis
1106 2056 1254 2127 amori?

338 2168 415 2241 Nec
437 2172 534 2243 venit
556 2168 594 2241 in
614 2192 799 2262 mentem,
822 2196 982 2266 quomm
1001 2171 1203 2244 consederis
1220 2169 1338 2243 arvis?

339 2282 437 2357 Hinc
456 2285 629 2359 Gaetulae
647 2287 776 2377 urbes,
799 2310 910 2386 genus
931 2284 1169 2380 insuperabile
1186 2284 1308 2356 bello:

338 2399 384 2471 Et
405 2398 588 2473 Numidae
606 2397 735 2474 infreni
756 2404 924 2502 cingunt,
949 2421 985 2475 et
1005 2399 1186 2497 inhospita
1205 2398 1332 2496 Syrtis:

334 2513 430 2587 Hinc
448 2515 584 2589 deserta
602 2519 659 2590 siti
680 2520 801 2618 regio,
824 2521 969 2612 lateque
988 2515 1144 2590 furentes

334 2629 481 2703 Barcaei.
520 2633 613 2727 quid
632 2628 729 2705 bella
748 2634 847 2730 Tyro
870 2629 1045 2733 surgentia
1065 2634 1203 2722 dicam,

338 2742 579 2842 Germanique
598 2751 748 2823 minas?

338 2859 416 2933 Diis
438 2858 609 2957 equidem
630 2858 836 2961 auspicibus
855 2887 934 2938 reor
951 2884 987 2939 et
1002 2860 1149 2954 Junone
1167 2861 1322 2937 secunda

338 2974 420 3048 Huc
441 2997 582 3051 cursum
605 2981 729 3054 Iliacas
748 3002 857 3055 vento
877 2978 1033 3055 tenuisse
1053 2980 1194 3052 carinas.

336 3091 461 3198 Quam
482 3113 522 3165 tu
542 3094 695 3184 urbem,
716 3118 834 3188 soror,
859 3096 951 3168 hanc
971 3120 1089 3168 cernes
1109 3094 1117 3164 !
1140 3119 1231 3188 quae
1251 3117 1389 3194 surgere
1404 3119 1509 3197 regna

336 3206 520 3308 Conjugio
541 3210 603 3282 tali
625 3213 633 3282 !
664 3210 845 3285 Teucnlrn
863 3202 1120 3284 comitantibus
1139 3208 1265 3299 armis,

336 3320 470 3396 Punica
492 3350 528 3398 se
549 3324 693 3421 quantis
713 3324 865 3402 adtollet
882 3322 993 3427 gloria
1011 3327 1139 3398 robus!

257 3508 268 3549 ,
334 3437 394 3510 Tu
414 3436 531 3513 modo
553 3467 663 3537 posce
681 3444 771 3517 deos
793 3446 964 3534 veniam,
990 3445 1166 3537 sacrisque
1185 3442 1294 3516 litatis

337 3553 490 3654 Indulge
509 3558 699 3653 hospitio,
725 3580 937 3654 caussasque
958 3559 1098 3631 innecte
1116 3558 1299 3630 morandi:

332 3669 434 3741 Dum
456 3675 584 3771 pelago
604 3674 764 3747 desaevit
783 3671 919 3765 hiems,
945 3695 980 3747 et
999 3700 1158 3769 aquosus
1176 3673 1315 3760 Orion,

332 3783 603 3891 Quassataeque
623 3808 735 3880 rates,
763 3791 852 3862 dum
870 3815 950 3863 non
969 3790 1149 3864 tractabile
1167 3789 1322 3860 coelum.

390 3901 458 3972 His
477 3903 581 3974 dictis
599 3903 788 3977 incensum
809 3909 974 3979 animum
995 3904 1231 3979 inflammavit
1250 3927 1394 3994 amore,

333 4011 518 4110 Spemque
538 4018 640 4090 dedit
659 4021 792 4093 dubiae
809 4025 947 4112 menti,
972 4022 1150 4115 solvitque
1169 4016 1359 4116 pudorem.

333 4131 518 4228 Principio
539 4133 688 4207 delubra
708 4135 863 4228 adeunt,
887 4163 1089 4233 pacemque
1106 4163 1171 4232 per
1190 4160 1261 4207 aras

332 4247 536 4342 Exquirunt
558 4278 565 4319 :
597 4269 754 4324 mactant
774 4255 882 4327 lectas
902 4253 948 4326 de
968 4279 1070 4326 more
1088 4252 1244 4326 bidentis

329 4360 511 4466 Legiferae
531 4366 671 4457 Cereri,
695 4366 941 4464 Phoeboque,
964 4371 1127 4464 patrique
1145 4367 1287 4462 Lyaeo;

330 4476 468 4570 Junoni
487 4504 568 4557 ante
589 4485 728 4574 omnis,
750 4486 808 4557 cui
826 4487 944 4557 vincla
960 4485 1093 4584 jugalia
1111 4508 1222 4554 curae.

332 4593 438 4693 Ipsa,
457 4617 585 4674 tenens
602 4599 723 4672 dextra
742 4622 925 4696 pateram,
947 4599 1185 4697 pulcherrima
1191 4596 1331 4779 ppido,

1248 4737 1268 4780 a
