<?xml version="1.0" encoding="UTF-8"?>
<!DOCTYPE html PUBLIC "-//W3C//DTD XHTML 1.0 Transitional//EN"
    "http://www.w3.org/TR/xhtml1/DTD/xhtml1-transitional.dtd">
<html xmlns="http://www.w3.org/1999/xhtml" xml:lang="en" lang="en">
 <head>
  <title>
</title>
<meta http-equiv="Content-Type" content="text/html;charset=utf-8" />
  <meta name='ocr-system' content='tesseract 3.04.00' />
  <meta name='ocr-capabilities' content='ocr_page ocr_carea ocr_par ocr_line ocrx_word'/>
</head>
<body>
  <div class='ocr_page' id='page_1' title='image "./publiivirgiliim00brungoog_0282.png"; bbox 0 0 3750 6217; ppageno 0'>
   <div class='ocr_carea' id='block_1_1' title="bbox 504 658 1549 846">
    <p class='ocr_par' dir='ltr' id='par_1_1' title="bbox 504 658 1549 846">
     <span class='ocr_line' id='line_1_1' title="bbox 504 658 1549 846; baseline 0.003 -40"><span class='ocrx_word' id='word_1_1' title='bbox 504 658 1357 832; x_wconf 73' lang='lat' dir='ltr'><strong>AENEIDosvti.v.193i</strong></span> <span class='ocrx_word' id='word_1_2' title='bbox 1464 740 1549 846; x_wconf 19' lang='lat' dir='ltr'><strong>atq,</strong></span> 
     </span>
    </p>
   </div>
   <div class='ocr_carea' id='block_1_2' title="bbox 335 887 1552 4686">
    <p class='ocr_par' dir='ltr' id='par_1_2' title="bbox 335 887 1552 1344">
     <span class='ocr_line' id='line_1_2' title="bbox 335 887 1552 979; baseline -0.002 -6"><span class='ocrx_word' id='word_1_3' title='bbox 335 887 427 973; x_wconf 87' lang='lat' dir='ltr'><strong>Sede</strong></span> <span class='ocrx_word' id='word_1_4' title='bbox 452 900 577 972; x_wconf 89' lang='lat' dir='ltr'><strong>sedens</strong></span> <span class='ocrx_word' id='word_1_5' title='bbox 601 898 761 972; x_wconf 88' lang='lat' dir='ltr'><strong>Teucros</strong></span> <span class='ocrx_word' id='word_1_6' title='bbox 784 897 831 969; x_wconf 90' lang='lat' dir='ltr'><strong>ad</strong></span> <span class='ocrx_word' id='word_1_7' title='bbox 858 922 932 970; x_wconf 89' lang='lat' dir='ltr'><strong>sese</strong></span> <span class='ocrx_word' id='word_1_8' title='bbox 955 898 992 967; x_wconf 92' lang='lat' dir='ltr'><strong>in</strong></span> <span class='ocrx_word' id='word_1_9' title='bbox 1010 916 1100 970; x_wconf 86' lang='lat' dir='ltr'><strong>tecta</strong></span> <span class='ocrx_word' id='word_1_10' title='bbox 1116 901 1281 979; x_wconf 85' lang='lat' dir='ltr'><strong>vocavit;</strong></span> <span class='ocrx_word' id='word_1_11' title='bbox 1533 902 1552 935; x_wconf 74' lang='lat'><strong><em>‘</em></strong></span> 
     </span>
     <span class='ocr_line' id='line_1_3' title="bbox 337 1000 1319 1114; baseline -0.003 -27"><span class='ocrx_word' id='word_1_12' title='bbox 337 1015 457 1109; x_wconf 88' lang='lat' dir='ltr'>Atque</span> <span class='ocrx_word' id='word_1_13' title='bbox 476 1017 562 1086; x_wconf 89' lang='lat' dir='ltr'><strong>haec</strong></span> <span class='ocrx_word' id='word_1_14' title='bbox 580 1017 741 1114; x_wconf 75' lang='lat' dir='ltr'>ingressis</span> <span class='ocrx_word' id='word_1_15' title='bbox 761 1000 907 1109; x_wconf 90' lang='lat' dir='ltr'><strong>placido</strong></span> <span class='ocrx_word' id='word_1_16' title='bbox 927 1014 1025 1107; x_wconf 89' lang='lat' dir='ltr'><strong>prior</strong></span> <span class='ocrx_word' id='word_1_17' title='bbox 1042 1014 1155 1087; x_wconf 88' lang='lat' dir='ltr'><strong>edidit</strong></span> <span class='ocrx_word' id='word_1_18' title='bbox 1176 1031 1259 1086; x_wconf 86' lang='lat' dir='ltr'><strong>or&#39;e:</strong></span> <span class='ocrx_word' id='word_1_19' title='bbox 1317 1106 1319 1111; x_wconf 23' lang='grc' dir='ltr'>Ι</span> 
     </span>
     <span class='ocr_line' id='line_1_4' title="bbox 338 1124 1426 1223; baseline -0.001 -21"><span class='ocrx_word' id='word_1_20' title='bbox 338 1126 479 1220; x_wconf 87' lang='lat' dir='ltr'><strong>Dicite,</strong></span> <span class='ocrx_word' id='word_1_21' title='bbox 503 1124 750 1220; x_wconf 83' lang='lat' dir='ltr'><strong>Dardanidae,</strong></span> <span class='ocrx_word' id='word_1_22' title='bbox 769 1130 1005 1223; x_wconf 85' lang='lat' dir='ltr'><strong>nequeenim</strong></span> <span class='ocrx_word' id='word_1_23' title='bbox 1021 1131 1201 1203; x_wconf 85' lang='lat' dir='ltr'><strong>nescimus</strong></span> <span class='ocrx_word' id='word_1_24' title='bbox 1219 1150 1254 1201; x_wconf 90' lang='lat' dir='ltr'><strong>et</strong></span> <span class='ocrx_word' id='word_1_25' title='bbox 1272 1130 1426 1223; x_wconf 81' lang='lat' dir='ltr'><strong>urbem,</strong></span> 
     </span>
     <span class='ocr_line' id='line_1_5' title="bbox 339 1245 1296 1344; baseline -0.001 -26"><span class='ocrx_word' id='word_1_26' title='bbox 339 1245 384 1318; x_wconf 80' lang='lat' dir='ltr'><strong>Et</strong></span> <span class='ocrx_word' id='word_1_27' title='bbox 402 1270 534 1344; x_wconf 90' lang='lat' dir='ltr'><strong>genus,</strong></span> <span class='ocrx_word' id='word_1_28' title='bbox 554 1247 740 1340; x_wconf 88' lang='lat' dir='ltr'><strong>auditique</strong></span> <span class='ocrx_word' id='word_1_29' title='bbox 760 1245 937 1317; x_wconf 80' lang='lat' dir='ltr'>advertitis</span> <span class='ocrx_word' id='word_1_30' title='bbox 959 1260 1114 1338; x_wconf 81' lang='lat' dir='ltr'><strong>aequore</strong></span> <span class='ocrx_word' id='word_1_31' title='bbox 1134 1268 1296 1336; x_wconf 88' lang='lat' dir='ltr'><strong>cursum,</strong></span> 
     </span>
    </p>

    <p class='ocr_par' dir='ltr' id='par_1_3' title="bbox 337 1360 1424 1571">
     <span class='ocr_line' id='line_1_6' title="bbox 337 1360 1424 1468; baseline 0 -35"><span class='ocrx_word' id='word_1_32' title='bbox 337 1360 440 1468; x_wconf 78' lang='lat' dir='ltr'><strong>Quid</strong></span> <span class='ocrx_word' id='word_1_33' title='bbox 459 1362 614 1456; x_wconf 86' lang='lat' dir='ltr'><strong>petitis?</strong></span> <span class='ocrx_word' id='word_1_34' title='bbox 645 1372 739 1455; x_wconf 85' lang='lat' dir='ltr'><strong>qua&#39;e</strong></span> <span class='ocrx_word' id='word_1_35' title='bbox 759 1385 879 1434; x_wconf 82' lang='lat' dir='ltr'>caussa</span> <span class='ocrx_word' id='word_1_36' title='bbox 896 1368 1005 1449; x_wconf 85' lang='lat' dir='ltr'><strong>rates,</strong></span> <span class='ocrx_word' id='word_1_37' title='bbox 1026 1380 1087 1431; x_wconf 91' lang='lat' dir='ltr'><strong>aut</strong></span> <span class='ocrx_word' id='word_1_38' title='bbox 1103 1364 1205 1461; x_wconf 85' lang='lat' dir='ltr'><strong>cujus</strong></span> <span class='ocrx_word' id='word_1_39' title='bbox 1222 1380 1364 1460; x_wconf 84' lang='lat' dir='ltr'><strong>egentes</strong></span> <span class='ocrx_word' id='word_1_40' title='bbox 1419 1390 1424 1401; x_wconf 95' lang='lat'>·</span> 
     </span>
     <span class='ocr_line' id='line_1_7' title="bbox 340 1476 1295 1571; baseline 0 -23"><span class='ocrx_word' id='word_1_41' title='bbox 340 1477 441 1549; x_wconf 89' lang='lat' dir='ltr'><strong>Litus</strong></span> <span class='ocrx_word' id='word_1_42' title='bbox 459 1478 505 1548; x_wconf 93' lang='lat' dir='ltr'><strong>ad</strong></span> <span class='ocrx_word' id='word_1_43' title='bbox 523 1477 730 1549; x_wconf 87' lang='lat' dir='ltr'><strong>Ausonium</strong></span> <span class='ocrx_word' id='word_1_44' title='bbox 748 1496 805 1550; x_wconf 93' lang='lat' dir='ltr'><strong>tot</strong></span> <span class='ocrx_word' id='word_1_45' title='bbox 824 1502 888 1571; x_wconf 90' lang='lat' dir='ltr'><strong>per</strong></span> <span class='ocrx_word' id='word_1_46' title='bbox 906 1476 996 1546; x_wconf 84' lang='lat' dir='ltr'><strong>vada&#39;</strong></span> <span class='ocrx_word' id='word_1_47' title='bbox 1017 1479 1153 1548; x_wconf 88' lang='lat' dir='ltr'><strong>caerula</strong></span> <span class='ocrx_word' id='word_1_48' title='bbox 1169 1478 1295 1549; x_wconf 81' lang='lat' dir='ltr'><strong>vexit?</strong></span> 
     </span>
    </p>

    <p class='ocr_par' dir='ltr' id='par_1_4' title="bbox 339 1590 1150 1686">
     <span class='ocr_line' id='line_1_8' title="bbox 339 1590 1150 1686; baseline -0.002 -23"><span class='ocrx_word' id='word_1_49' title='bbox 339 1592 419 1664; x_wconf 89' lang='lat' dir='ltr'><strong>Sive</strong></span> <span class='ocrx_word' id='word_1_50' title='bbox 439 1609 552 1664; x_wconf 84' lang='lat' dir='ltr'><strong>eno&#39;re</strong></span> <span class='ocrx_word' id='word_1_51' title='bbox 568 1593 668 1682; x_wconf 86' lang='lat' dir='ltr'><strong>viae,</strong></span> <span class='ocrx_word' id='word_1_52' title='bbox 692 1613 753 1665; x_wconf 83' lang='lat' dir='ltr'><strong>seu</strong></span> <span class='ocrx_word' id='word_1_53' title='bbox 772 1590 1043 1686; x_wconf 73' lang='lat' dir='ltr'><strong>tempestatibus</strong></span> <span class='ocrx_word' id='word_1_54' title='bbox 1061 1594 1150 1683; x_wconf 85' lang='lat' dir='ltr'><strong>acti,</strong></span> 
     </span>
    </p>

    <p class='ocr_par' dir='ltr' id='par_1_5' title="bbox 341 1706 1261 1917">
     <span class='ocr_line' id='line_1_9' title="bbox 342 1706 1261 1814; baseline 0.002 -38"><span class='ocrx_word' id='word_1_55' title='bbox 342 1708 497 1814; x_wconf 79' lang='lat' dir='ltr'><strong>(Qualia</strong></span> <span class='ocrx_word' id='word_1_56' title='bbox 515 1710 631 1779; x_wconf 84' lang='lat' dir='ltr'><strong>multa</strong></span> <span class='ocrx_word' id='word_1_57' title='bbox 646 1710 735 1779; x_wconf 91' lang='lat' dir='ltr'><strong>mari</strong></span> <span class='ocrx_word' id='word_1_58' title='bbox 756 1724 883 1778; x_wconf 87' lang='lat' dir='ltr'><strong>nautae</strong></span> <span class='ocrx_word' id='word_1_59' title='bbox 901 1706 1084 1801; x_wconf 89' lang='lat' dir='ltr'><strong>patiuntur</strong></span> <span class='ocrx_word' id='word_1_60' title='bbox 1102 1708 1138 1777; x_wconf 93' lang='lat' dir='ltr'><strong>in</strong></span> <span class='ocrx_word' id='word_1_61' title='bbox 1161 1708 1261 1800; x_wconf 84' lang='lat' dir='ltr'><strong>alto)</strong></span> 
     </span>
     <span class='ocr_line' id='line_1_10' title="bbox 341 1820 1196 1917; baseline 0 -22"><span class='ocrx_word' id='word_1_62' title='bbox 341 1820 520 1895; x_wconf 83' lang='lat' dir='ltr'><strong>Fluminis</strong></span> <span class='ocrx_word' id='word_1_63' title='bbox 541 1823 693 1894; x_wconf 88' lang='lat' dir='ltr'><strong>intrastis</strong></span> <span class='ocrx_word' id='word_1_64' title='bbox 712 1824 825 1917; x_wconf 72' lang='lat' dir='ltr'><strong>ripis,</strong></span> <span class='ocrx_word' id='word_1_65' title='bbox 846 1832 1029 1916; x_wconf 83' lang='lat' dir='ltr'><strong>portuque</strong></span> <span class='ocrx_word' id='word_1_66' title='bbox 1047 1823 1196 1902; x_wconf 88' lang='lat' dir='ltr'><strong>sedetis;</strong></span> 
     </span>
    </p>

    <p class='ocr_par' dir='ltr' id='par_1_6' title="bbox 341 1926 1249 2037">
     <span class='ocr_line' id='line_1_11' title="bbox 341 1926 1249 2037; baseline 0.001 -29"><span class='ocrx_word' id='word_1_67' title='bbox 341 1938 397 2010; x_wconf 87' lang='lat' dir='ltr'><strong>Ne</strong></span> <span class='ocrx_word' id='word_1_68' title='bbox 413 1938 525 2037; x_wconf 86' lang='lat' dir='ltr'><strong>fugite</strong></span> <span class='ocrx_word' id='word_1_69' title='bbox 541 1934 766 2032; x_wconf 85' lang='lat' dir='ltr'><strong>hospitium,</strong></span> <span class='ocrx_word' id='word_1_70' title='bbox 792 1961 881 2008; x_wconf 89' lang='lat' dir='ltr'><strong>neve</strong></span> <span class='ocrx_word' id='word_1_71' title='bbox 899 1938 1058 2035; x_wconf 85' lang='lat' dir='ltr'><strong>ignorate</strong></span> <span class='ocrx_word' id='word_1_72' title='bbox 1079 1926 1249 2028; x_wconf 84' lang='lat' dir='ltr'><strong>Latinos,</strong></span> 
     </span>
    </p>

    <p class='ocr_par' dir='ltr' id='par_1_7' title="bbox 341 2034 1364 2264">
     <span class='ocr_line' id='line_1_12' title="bbox 341 2034 1364 2152; baseline -0.001 -26"><span class='ocrx_word' id='word_1_73' title='bbox 341 2040 480 2126; x_wconf 84' lang='lat' dir='ltr'><strong>Saturni</strong></span> <span class='ocrx_word' id='word_1_74' title='bbox 498 2070 663 2152; x_wconf 80' lang='lat' dir='ltr'><strong>gentem,</strong></span> <span class='ocrx_word' id='word_1_75' title='bbox 686 2034 783 2125; x_wconf 89' lang='lat' dir='ltr'><strong>haud</strong></span> <span class='ocrx_word' id='word_1_76' title='bbox 801 2052 921 2124; x_wconf 83' lang='lat' dir='ltr'><strong>vinclo</strong></span> <span class='ocrx_word' id='word_1_77' title='bbox 942 2076 1008 2123; x_wconf 83' lang='lat' dir='ltr'><strong>nec</strong></span> <span class='ocrx_word' id='word_1_78' title='bbox 1029 2050 1167 2150; x_wconf 85' lang='lat' dir='ltr'><strong>legibus</strong></span> <span class='ocrx_word' id='word_1_79' title='bbox 1187 2064 1364 2148; x_wconf 78' lang='lat' dir='ltr'><strong>aequam,</strong></span> 
     </span>
     <span class='ocr_line' id='line_1_13' title="bbox 341 2169 1252 2264; baseline 0 -23"><span class='ocrx_word' id='word_1_80' title='bbox 341 2169 479 2264; x_wconf 91' lang='lat' dir='ltr'><strong>Sponte</strong></span> <span class='ocrx_word' id='word_1_81' title='bbox 500 2190 562 2240; x_wconf 85' lang='lat' dir='ltr'><strong>sua</strong></span> <span class='ocrx_word' id='word_1_82' title='bbox 581 2169 780 2263; x_wconf 86' lang='lat' dir='ltr'><strong>veterisque</strong></span> <span class='ocrx_word' id='word_1_83' title='bbox 801 2169 859 2239; x_wconf 89' lang='lat' dir='ltr'><strong>dei</strong></span> <span class='ocrx_word' id='word_1_84' title='bbox 880 2188 916 2240; x_wconf 90' lang='lat' dir='ltr'><strong>se</strong></span> <span class='ocrx_word' id='word_1_85' title='bbox 936 2173 1038 2238; x_wconf 83' lang='lat' dir='ltr'><strong>inore</strong></span> <span class='ocrx_word' id='word_1_86' title='bbox 1058 2180 1252 2241; x_wconf 88' lang='lat' dir='ltr'><strong>tenentem.</strong></span> 
     </span>
    </p>

    <p class='ocr_par' dir='ltr' id='par_1_8' title="bbox 341 2270 1384 2497">
     <span class='ocr_line' id='line_1_14' title="bbox 341 2270 1384 2381; baseline 0.001 -26"><span class='ocrx_word' id='word_1_87' title='bbox 341 2283 462 2379; x_wconf 84' lang='lat' dir='ltr'><strong>Atque</strong></span> <span class='ocrx_word' id='word_1_88' title='bbox 481 2283 651 2377; x_wconf 88' lang='lat' dir='ltr'><strong>equidem</strong></span> <span class='ocrx_word' id='word_1_89' title='bbox 671 2285 824 2355; x_wconf 88' lang='lat' dir='ltr'><strong>memini</strong></span> <span class='ocrx_word' id='word_1_90' title='bbox 844 2281 965 2381; x_wconf 65' lang='lat' dir='ltr'><strong>(sama</strong></span> <span class='ocrx_word' id='word_1_91' title='bbox 985 2303 1037 2355; x_wconf 88' lang='lat' dir='ltr'><strong>est</strong></span> <span class='ocrx_word' id='word_1_92' title='bbox 1056 2270 1240 2355; x_wconf 74' lang='lat' dir='ltr'><strong>obscurior</strong></span> <span class='ocrx_word' id='word_1_93' title='bbox 1258 2285 1384 2379; x_wconf 84' lang='lat' dir='ltr'><strong>annis)</strong></span> 
     </span>
     <span class='ocr_line' id='line_1_15' title="bbox 342 2396 1204 2497; baseline 0.001 -27"><span class='ocrx_word' id='word_1_94' title='bbox 342 2398 530 2471; x_wconf 82' lang='lat' dir='ltr'><strong>Auruncos</strong></span> <span class='ocrx_word' id='word_1_95' title='bbox 549 2399 597 2469; x_wconf 88' lang='lat' dir='ltr'><strong>ita</strong></span> <span class='ocrx_word' id='word_1_96' title='bbox 616 2398 702 2470; x_wconf 87' lang='lat' dir='ltr'><strong>ferre</strong></span> <span class='ocrx_word' id='word_1_97' title='bbox 723 2424 846 2488; x_wconf 88' lang='lat' dir='ltr'><strong>senes,</strong></span> <span class='ocrx_word' id='word_1_98' title='bbox 866 2396 922 2471; x_wconf 92' lang='lat' dir='ltr'><strong>his</strong></span> <span class='ocrx_word' id='word_1_99' title='bbox 941 2408 1037 2470; x_wconf 80' lang='lat' dir='ltr'><strong>ortus</strong></span> <span class='ocrx_word' id='word_1_100' title='bbox 1056 2416 1096 2469; x_wconf 91' lang='lat' dir='ltr'><strong>ut</strong></span> <span class='ocrx_word' id='word_1_101' title='bbox 1115 2400 1204 2497; x_wconf 87' lang='lat' dir='ltr'><strong>agris</strong></span> 
     </span>
    </p>

    <p class='ocr_par' dir='ltr' id='par_1_9' title="bbox 342 2500 1437 2957">
     <span class='ocr_line' id='line_1_16' title="bbox 342 2500 1276 2613; baseline 0.005 -30"><span class='ocrx_word' id='word_1_102' title='bbox 342 2513 532 2586; x_wconf 89' lang='lat' dir='ltr'><strong>Dardanus</strong></span> <span class='ocrx_word' id='word_1_103' title='bbox 550 2508 675 2585; x_wconf 90' lang='lat' dir='ltr'><strong>Idaeas</strong></span> <span class='ocrx_word' id='word_1_104' title='bbox 695 2513 866 2613; x_wconf 80' lang='lat' dir='ltr'><strong>Phrygiae</strong></span> <span class='ocrx_word' id='word_1_105' title='bbox 883 2514 1072 2608; x_wconf 86' lang='lat' dir='ltr'><strong>penetrarit</strong></span> <span class='ocrx_word' id='word_1_106' title='bbox 1089 2514 1134 2584; x_wconf 90' lang='lat' dir='ltr'><strong>ad</strong></span> <span class='ocrx_word' id='word_1_107' title='bbox 1152 2500 1276 2606; x_wconf 80' lang='lat' dir='ltr'><strong>urbes,</strong></span> 
     </span>
     <span class='ocr_line' id='line_1_17' title="bbox 344 2627 1437 2729; baseline 0.005 -31"><span class='ocrx_word' id='word_1_108' title='bbox 344 2627 620 2723; x_wconf 83' lang='lat' dir='ltr'><strong>Threiciamque</strong></span> <span class='ocrx_word' id='word_1_109' title='bbox 639 2627 810 2729; x_wconf 80' lang='lat' dir='ltr'><strong>Samum,</strong></span> <span class='ocrx_word' id='word_1_110' title='bbox 836 2654 930 2723; x_wconf 85' lang='lat' dir='ltr'><strong>quae</strong></span> <span class='ocrx_word' id='word_1_111' title='bbox 949 2652 1046 2699; x_wconf 92' lang='lat' dir='ltr'><strong>nunc</strong></span> <span class='ocrx_word' id='word_1_112' title='bbox 1064 2627 1303 2703; x_wconf 85' lang='lat' dir='ltr'><strong>Samothracia</strong></span> <span class='ocrx_word' id='word_1_113' title='bbox 1321 2630 1437 2704; x_wconf 66' lang='lat' dir='ltr'><strong>feriori</strong></span> 
     </span>
     <span class='ocr_line' id='line_1_18' title="bbox 345 2726 1322 2843; baseline 0.007 -32"><span class='ocrx_word' id='word_1_114' title='bbox 345 2742 440 2814; x_wconf 88' lang='lat' dir='ltr'><strong>Hinc</strong></span> <span class='ocrx_word' id='word_1_115' title='bbox 457 2745 564 2815; x_wconf 89' lang='lat' dir='ltr'><strong>illum</strong></span> <span class='ocrx_word' id='word_1_116' title='bbox 584 2743 734 2838; x_wconf 82' lang='lat' dir='ltr'><strong>Corythi</strong></span> <span class='ocrx_word' id='word_1_117' title='bbox 754 2726 934 2838; x_wconf 82' lang='lat' dir='ltr'><strong>Tyrrhena</strong></span> <span class='ocrx_word' id='word_1_118' title='bbox 951 2743 997 2843; x_wconf 83' lang='lat' dir='ltr'><strong>ab</strong></span> <span class='ocrx_word' id='word_1_119' title='bbox 1019 2743 1101 2816; x_wconf 88' lang='lat' dir='ltr'><strong>sede</strong></span> <span class='ocrx_word' id='word_1_120' title='bbox 1119 2744 1322 2839; x_wconf 88' lang='lat' dir='ltr'><strong>profectum</strong></span> 
     </span>
     <span class='ocr_line' id='line_1_19' title="bbox 343 2844 1102 2957; baseline 0.001 -30"><span class='ocrx_word' id='word_1_121' title='bbox 343 2857 457 2929; x_wconf 88' lang='lat' dir='ltr'><strong>Aurea</strong></span> <span class='ocrx_word' id='word_1_122' title='bbox 476 2874 573 2931; x_wconf 86' lang='lat' dir='ltr'><strong>nunc</strong></span> <span class='ocrx_word' id='word_1_123' title='bbox 593 2861 687 2932; x_wconf 87' lang='lat' dir='ltr'><strong>solio</strong></span> <span class='ocrx_word' id='word_1_124' title='bbox 709 2844 880 2932; x_wconf 79' lang='lat' dir='ltr'><strong>stellantis</strong></span> <span class='ocrx_word' id='word_1_125' title='bbox 898 2857 992 2957; x_wconf 87' lang='lat' dir='ltr'><strong>regia</strong></span> <span class='ocrx_word' id='word_1_126' title='bbox 1011 2860 1102 2930; x_wconf 88' lang='lat' dir='ltr'><strong>coeli</strong></span> 
     </span>
    </p>

    <p class='ocr_par' dir='ltr' id='par_1_10' title="bbox 345 2972 1292 3162">
     <span class='ocr_line' id='line_1_20' title="bbox 345 2972 1292 3068; baseline 0.004 -25"><span class='ocrx_word' id='word_1_127' title='bbox 345 2972 517 3068; x_wconf 88' lang='lat' dir='ltr'><strong>Adcipit;</strong></span> <span class='ocrx_word' id='word_1_128' title='bbox 541 2994 575 3046; x_wconf 91' lang='lat' dir='ltr'><strong>et</strong></span> <span class='ocrx_word' id='word_1_129' title='bbox 595 3000 785 3047; x_wconf 89' lang='lat' dir='ltr'><strong>numerum</strong></span> <span class='ocrx_word' id='word_1_130' title='bbox 805 2974 975 3046; x_wconf 88' lang='lat' dir='ltr'><strong>divomm</strong></span> <span class='ocrx_word' id='word_1_131' title='bbox 995 2973 1161 3046; x_wconf 86' lang='lat' dir='ltr'><strong>altaribus</strong></span> <span class='ocrx_word' id='word_1_132' title='bbox 1181 2975 1292 3047; x_wconf 84' lang='lat' dir='ltr'><strong>addit.-</strong></span> 
     </span>
     <span class='ocr_line' id='line_1_21' title="bbox 345 3072 1223 3162; baseline 0.001 -4"><span class='ocrx_word' id='word_1_133' title='bbox 345 3088 504 3160; x_wconf 81' lang='lat' dir='ltr'><strong>Dixerat·</strong></span> <span class='ocrx_word' id='word_1_134' title='bbox 536 3096 572 3161; x_wconf 88' lang='lat' dir='ltr'><strong>et</strong></span> <span class='ocrx_word' id='word_1_135' title='bbox 589 3090 681 3162; x_wconf 85' lang='lat' dir='ltr'><strong>dicta</strong></span> <span class='ocrx_word' id='word_1_136' title='bbox 704 3090 866 3162; x_wconf 83' lang='lat' dir='ltr'><strong>llion&#39;eus</strong></span> <span class='ocrx_word' id='word_1_137' title='bbox 885 3072 935 3161; x_wconf 91' lang='lat' dir='ltr'><strong>sic</strong></span> <span class='ocrx_word' id='word_1_138' title='bbox 954 3113 1043 3161; x_wconf 88' lang='lat' dir='ltr'><strong>voce</strong></span> <span class='ocrx_word' id='word_1_139' title='bbox 1063 3106 1223 3161; x_wconf 83' lang='lat' dir='ltr'><strong>secutus:</strong></span> 
     </span>
    </p>

    <p class='ocr_par' dir='ltr' id='par_1_11' title="bbox 343 3203 1317 3304">
     <span class='ocr_line' id='line_1_22' title="bbox 343 3203 1317 3304; baseline 0.002 -29"><span class='ocrx_word' id='word_1_140' title='bbox 343 3203 442 3293; x_wconf 88' lang='lat' dir='ltr'><strong>Rex,</strong></span> <span class='ocrx_word' id='word_1_141' title='bbox 462 3229 573 3303; x_wconf 90' lang='lat' dir='ltr'><strong>genus</strong></span> <span class='ocrx_word' id='word_1_142' title='bbox 590 3206 769 3304; x_wconf 83' lang='lat' dir='ltr'><strong>egregium</strong></span> <span class='ocrx_word' id='word_1_143' title='bbox 790 3204 925 3294; x_wconf 88' lang='lat' dir='ltr'><strong>Fauni,</strong></span> <span class='ocrx_word' id='word_1_144' title='bbox 949 3224 1016 3276; x_wconf 91' lang='lat' dir='ltr'><strong>nec</strong></span> <span class='ocrx_word' id='word_1_145' title='bbox 1036 3203 1202 3277; x_wconf 87' lang='lat' dir='ltr'><strong>fluctibus</strong></span> <span class='ocrx_word' id='word_1_146' title='bbox 1219 3224 1317 3277; x_wconf 81' lang='lat' dir='ltr'><strong>actos</strong></span> 
     </span>
    </p>

    <p class='ocr_par' dir='ltr' id='par_1_12' title="bbox 345 3305 1197 3419">
     <span class='ocr_line' id='line_1_23' title="bbox 345 3305 1197 3419; baseline 0.004 -29"><span class='ocrx_word' id='word_1_147' title='bbox 345 3318 427 3390; x_wconf 90' lang='lat' dir='ltr'><strong>Atra</strong></span> <span class='ocrx_word' id='word_1_148' title='bbox 446 3318 587 3419; x_wconf 81' lang='lat' dir='ltr'><strong>subegit</strong></span> <span class='ocrx_word' id='word_1_149' title='bbox 604 3318 720 3393; x_wconf 90' lang='lat' dir='ltr'><strong>hiems</strong></span> <span class='ocrx_word' id='word_1_150' title='bbox 739 3321 861 3393; x_wconf 87' lang='lat' dir='ltr'><strong>vestris</strong></span> <span class='ocrx_word' id='word_1_151' title='bbox 879 3305 1063 3394; x_wconf 76' lang='lat' dir='ltr'><strong>succedere</strong></span> <span class='ocrx_word' id='word_1_152' title='bbox 1081 3321 1197 3411; x_wconf 76' lang='lat' dir='ltr'><strong>terriS,</strong></span> 
     </span>
    </p>

    <p class='ocr_par' dir='ltr' id='par_1_13' title="bbox 347 3415 1101 3535">
     <span class='ocr_line' id='line_1_24' title="bbox 347 3415 1101 3535; baseline 0.004 -31"><span class='ocrx_word' id='word_1_153' title='bbox 347 3434 421 3506; x_wconf 88' lang='lat' dir='ltr'><strong>Nec</strong></span> <span class='ocrx_word' id='word_1_154' title='bbox 442 3427 540 3507; x_wconf 91' lang='lat' dir='ltr'><strong>sidus</strong></span> <span class='ocrx_word' id='word_1_155' title='bbox 558 3433 702 3535; x_wconf 88' lang='lat' dir='ltr'><strong>regione</strong></span> <span class='ocrx_word' id='word_1_156' title='bbox 718 3434 795 3507; x_wconf 87' lang='lat' dir='ltr'><strong>viae</strong></span> <span class='ocrx_word' id='word_1_157' title='bbox 816 3415 944 3508; x_wconf 89' lang='lat' dir='ltr'><strong>litusve</strong></span> <span class='ocrx_word' id='word_1_158' title='bbox 964 3434 1101 3507; x_wconf 83' lang='lat' dir='ltr'><strong>fefellit.</strong></span> 
     </span>
    </p>

    <p class='ocr_par' dir='ltr' id='par_1_14' title="bbox 346 3541 1368 3878">
     <span class='ocr_line' id='line_1_25' title="bbox 346 3541 1364 3645; baseline 0.008 -26"><span class='ocrx_word' id='word_1_159' title='bbox 346 3549 512 3622; x_wconf 89' lang='lat' dir='ltr'><strong>Consilio</strong></span> <span class='ocrx_word' id='word_1_160' title='bbox 531 3548 623 3623; x_wconf 89' lang='lat' dir='ltr'><strong>hanc</strong></span> <span class='ocrx_word' id='word_1_161' title='bbox 642 3562 771 3624; x_wconf 87' lang='lat' dir='ltr'><strong>omnes</strong></span> <span class='ocrx_word' id='word_1_162' title='bbox 790 3552 995 3645; x_wconf 88' lang='lat' dir='ltr'><strong>animisque</strong></span> <span class='ocrx_word' id='word_1_163' title='bbox 1012 3541 1218 3625; x_wconf 89' lang='lat' dir='ltr'><strong>volentibus</strong></span> <span class='ocrx_word' id='word_1_164' title='bbox 1238 3544 1364 3627; x_wconf 85' lang='lat' dir='ltr'><strong>urbem</strong></span> 
     </span>
     <span class='ocr_line' id='line_1_26' title="bbox 346 3665 1368 3766; baseline 0.006 -31"><span class='ocrx_word' id='word_1_165' title='bbox 346 3665 575 3757; x_wconf 82' lang='lat' dir='ltr'><strong>Adferimur,</strong></span> <span class='ocrx_word' id='word_1_166' title='bbox 597 3667 693 3762; x_wconf 88' lang='lat' dir='ltr'><strong>pulsi</strong></span> <span class='ocrx_word' id='word_1_167' title='bbox 713 3669 851 3766; x_wconf 87' lang='lat' dir='ltr'><strong>regnis,</strong></span> <span class='ocrx_word' id='word_1_168' title='bbox 878 3692 970 3761; x_wconf 89' lang='lat' dir='ltr'><strong>quae</strong></span> <span class='ocrx_word' id='word_1_169' title='bbox 989 3677 1159 3738; x_wconf 80' lang='lat' dir='ltr'><strong>maxuma</strong></span> <span class='ocrx_word' id='word_1_170' title='bbox 1179 3671 1368 3761; x_wconf 89' lang='lat' dir='ltr'><strong>quondam</strong></span> 
     </span>
     <span class='ocr_line' id='line_1_27' title="bbox 346 3769 1188 3878; baseline -0.001 -25"><span class='ocrx_word' id='word_1_171' title='bbox 346 3782 514 3853; x_wconf 83' lang='lat' dir='ltr'><strong>Extremo</strong></span> <span class='ocrx_word' id='word_1_172' title='bbox 534 3769 680 3855; x_wconf 89' lang='lat' dir='ltr'><strong>veniens</strong></span> <span class='ocrx_word' id='word_1_173' title='bbox 700 3784 757 3857; x_wconf 90' lang='lat' dir='ltr'><strong>sol</strong></span> <span class='ocrx_word' id='word_1_174' title='bbox 776 3778 995 3878; x_wconf 87' lang='lat' dir='ltr'><strong>adspiciebat</strong></span> <span class='ocrx_word' id='word_1_175' title='bbox 1012 3782 1188 3878; x_wconf 84' lang='lat' dir='ltr'><strong>Olympo.</strong></span> 
     </span>
    </p>

    <p class='ocr_par' dir='ltr' id='par_1_15' title="bbox 347 3888 1369 4113">
     <span class='ocr_line' id='line_1_28' title="bbox 347 3888 1369 3996; baseline 0.006 -31"><span class='ocrx_word' id='word_1_176' title='bbox 347 3897 405 3966; x_wconf 91' lang='lat' dir='ltr'><strong>Ab</strong></span> <span class='ocrx_word' id='word_1_177' title='bbox 421 3890 514 3984; x_wconf 91' lang='lat' dir='ltr'><strong>Jove</strong></span> <span class='ocrx_word' id='word_1_178' title='bbox 531 3897 752 3992; x_wconf 86' lang='lat' dir='ltr'><strong>principium</strong></span> <span class='ocrx_word' id='word_1_179' title='bbox 769 3896 905 3996; x_wconf 90' lang='lat' dir='ltr'><strong>generis</strong></span> <span class='ocrx_word' id='word_1_180' title='bbox 925 3926 932 3968; x_wconf 92' lang='lat'>:</span> <span class='ocrx_word' id='word_1_181' title='bbox 958 3898 1050 3989; x_wconf 90' lang='lat' dir='ltr'><strong>Jove</strong></span> <span class='ocrx_word' id='word_1_182' title='bbox 1070 3896 1234 3969; x_wconf 85' lang='lat' dir='ltr'><strong>Dardana</strong></span> <span class='ocrx_word' id='word_1_183' title='bbox 1252 3888 1369 3992; x_wconf 81' lang='lat' dir='ltr'><strong>pubes</strong></span> 
     </span>
     <span class='ocr_line' id='line_1_29' title="bbox 349 4009 1272 4113; baseline 0.004 -33"><span class='ocrx_word' id='word_1_184' title='bbox 349 4009 490 4083; x_wconf 87' lang='lat' dir='ltr'><strong>Gaudet</strong></span> <span class='ocrx_word' id='word_1_185' title='bbox 507 4036 587 4083; x_wconf 91' lang='lat' dir='ltr'><strong>avo.</strong></span> <span class='ocrx_word' id='word_1_186' title='bbox 625 4037 685 4083; x_wconf 85' lang='lat' dir='ltr'><strong>rex</strong></span> <span class='ocrx_word' id='word_1_187' title='bbox 705 4013 783 4108; x_wconf 87' lang='lat' dir='ltr'><strong>ipse</strong></span> <span class='ocrx_word' id='word_1_188' title='bbox 799 4010 899 4101; x_wconf 90' lang='lat' dir='ltr'><strong>Jovis</strong></span> <span class='ocrx_word' id='word_1_189' title='bbox 919 4010 1087 4113; x_wconf 89' lang='lat' dir='ltr'><strong>degente</strong></span> <span class='ocrx_word' id='word_1_190' title='bbox 1107 4038 1272 4108; x_wconf 88' lang='lat' dir='ltr'><strong>suprema</strong></span> 
     </span>
    </p>

    <p class='ocr_par' dir='ltr' id='par_1_16' title="bbox 346 4122 1144 4203">
     <span class='ocr_line' id='line_1_30' title="bbox 346 4122 1144 4203; baseline 0.009 -7"><span class='ocrx_word' id='word_1_191' title='bbox 346 4126 480 4198; x_wconf 84' lang='lat' dir='ltr'><strong>Troius</strong></span> <span class='ocrx_word' id='word_1_192' title='bbox 499 4122 637 4200; x_wconf 89' lang='lat' dir='ltr'><strong>Aeneas</strong></span> <span class='ocrx_word' id='word_1_193' title='bbox 656 4143 717 4199; x_wconf 87' lang='lat' dir='ltr'><strong>tua</strong></span> <span class='ocrx_word' id='word_1_194' title='bbox 736 4139 805 4200; x_wconf 85' lang='lat' dir='ltr'><strong>nos</strong></span> <span class='ocrx_word' id='word_1_195' title='bbox 824 4129 869 4199; x_wconf 88' lang='lat' dir='ltr'><strong>ad</strong></span> <span class='ocrx_word' id='word_1_196' title='bbox 889 4129 1017 4201; x_wconf 86' lang='lat' dir='ltr'><strong>limina</strong></span> <span class='ocrx_word' id='word_1_197' title='bbox 1036 4133 1144 4203; x_wconf 87' lang='lat' dir='ltr'><strong>misit.</strong></span> 
     </span>
    </p>

    <p class='ocr_par' dir='ltr' id='par_1_17' title="bbox 347 4232 1161 4347">
     <span class='ocr_line' id='line_1_31' title="bbox 347 4232 1161 4347; baseline 0.007 -34"><span class='ocrx_word' id='word_1_198' title='bbox 347 4242 494 4347; x_wconf 81' lang='lat' dir='ltr'><strong>Quanta</strong></span> <span class='ocrx_word' id='word_1_199' title='bbox 509 4267 573 4337; x_wconf 87' lang='lat' dir='ltr'><strong>per</strong></span> <span class='ocrx_word' id='word_1_200' title='bbox 593 4232 722 4316; x_wconf 80' lang='lat' dir='ltr'><strong>idaeos</strong></span> <span class='ocrx_word' id='word_1_201' title='bbox 741 4243 852 4317; x_wconf 80' lang='lat' dir='ltr'><strong>saevis</strong></span> <span class='ocrx_word' id='word_1_202' title='bbox 872 4242 980 4318; x_wconf 82' lang='lat' dir='ltr'><strong>effusa</strong></span> <span class='ocrx_word' id='word_1_203' title='bbox 999 4242 1161 4341; x_wconf 84' lang='lat' dir='ltr'><strong>Mycenis</strong></span> 
     </span>
    </p>

    <p class='ocr_par' dir='ltr' id='par_1_18' title="bbox 346 4358 1282 4570">
     <span class='ocr_line' id='line_1_32' title="bbox 346 4358 1282 4456; baseline 0.005 -27"><span class='ocrx_word' id='word_1_204' title='bbox 346 4358 559 4455; x_wconf 83' lang='lat' dir='ltr'><strong>Tempestas</strong></span> <span class='ocrx_word' id='word_1_205' title='bbox 577 4358 654 4432; x_wconf 87' lang='lat' dir='ltr'><strong>ierit</strong></span> <span class='ocrx_word' id='word_1_206' title='bbox 673 4380 845 4454; x_wconf 81' lang='lat' dir='ltr'><strong>campos;¹</strong></span> <span class='ocrx_word' id='word_1_207' title='bbox 865 4360 999 4454; x_wconf 84' lang='lat' dir='ltr'><strong>quibus</strong></span> <span class='ocrx_word' id='word_1_208' title='bbox 1016 4382 1115 4435; x_wconf 84' lang='lat' dir='ltr'><strong>actus</strong></span> <span class='ocrx_word' id='word_1_209' title='bbox 1133 4378 1282 4456; x_wconf 85' lang='lat' dir='ltr'><strong>uterque</strong></span> 
     </span>
     <span class='ocr_line' id='line_1_33' title="bbox 346 4473 1229 4570; baseline 0.006 -26"><span class='ocrx_word' id='word_1_210' title='bbox 346 4474 512 4570; x_wconf 83' lang='lat' dir='ltr'><strong>Europae</strong></span> <span class='ocrx_word' id='word_1_211' title='bbox 531 4493 640 4569; x_wconf 87' lang='lat' dir='ltr'><strong>atque</strong></span> <span class='ocrx_word' id='word_1_212' title='bbox 659 4473 763 4548; x_wconf 85' lang='lat' dir='ltr'><strong>Asiae</strong></span> <span class='ocrx_word' id='word_1_213' title='bbox 783 4474 863 4548; x_wconf 84' lang='lat' dir='ltr'><strong>fatis</strong></span> <span class='ocrx_word' id='word_1_214' title='bbox 882 4479 1097 4550; x_wconf 79' lang='lat' dir='ltr'><strong>concurrerit</strong></span> <span class='ocrx_word' id='word_1_215' title='bbox 1114 4476 1229 4566; x_wconf 87' lang='lat' dir='ltr'><strong>orbis,</strong></span> 
     </span>
    </p>

    <p class='ocr_par' dir='ltr' id='par_1_19' title="bbox 348 4590 1173 4686">
     <span class='ocr_line' id='line_1_34' title="bbox 348 4590 1173 4686; baseline 0.005 -25"><span class='ocrx_word' id='word_1_216' title='bbox 348 4590 498 4682; x_wconf 89' lang='lat' dir='ltr'><strong>Audiit,</strong></span> <span class='ocrx_word' id='word_1_217' title='bbox 517 4592 600 4665; x_wconf 84' lang='lat' dir='ltr'><strong>etsi</strong></span> <span class='ocrx_word' id='word_1_218' title='bbox 620 4606 732 4686; x_wconf 75' lang='lat' dir='ltr'><strong>quem</strong></span> <span class='ocrx_word' id='word_1_219' title='bbox 750 4593 859 4665; x_wconf 80' lang='lat' dir='ltr'><strong>tellus</strong></span> <span class='ocrx_word' id='word_1_220' title='bbox 880 4611 1036 4665; x_wconf 75' lang='lat' dir='ltr'><strong>extrema</strong></span> <span class='ocrx_word' id='word_1_221' title='bbox 1055 4591 1173 4667; x_wconf 80' lang='lat' dir='ltr'><strong>rehrso</strong></span> 
     </span>
    </p>
   </div>
   <div class='ocr_carea' id='block_1_3' title="bbox 1211 4706 1320 4783">
    <p class='ocr_par' dir='ltr' id='par_1_20' title="bbox 1211 4706 1320 4783">
     <span class='ocr_line' id='line_1_35' title="bbox 1211 4706 1320 4783; baseline 0.028 -3"><span class='ocrx_word' id='word_1_222' title='bbox 1211 4706 1320 4783; x_wconf 76' lang='lat' dir='ltr'><strong>Lle</strong></span> 
     </span>
    </p>
   </div>
   <div class='ocr_carea' id='block_1_4' title="bbox 0 0 1897 6212">
    <p class='ocr_par' dir='ltr' id='par_1_21' title="bbox 0 0 1897 6212">
     <span class='ocr_line' id='line_1_36' title="bbox 0 0 1897 6212; baseline 0 0"><span class='ocrx_word' id='word_1_223' title='bbox 0 0 1897 6212; x_wconf 95' lang='lat' dir='ltr'><strong> </strong></span> 
     </span>
    </p>
   </div>
  </div>
 </body>
</html>
