3750 6217
713 706 868 811 ¹⁵⁶
1120 652 2015 793 AENEIDQS
2130 704 2247 789 11.
2366 728 2431 775 v.
2518 702 2719 787 σιμ,

697 871 1020 948 Numina
1058 896 1316 969 magna
1352 873 1594 943 deum.

815 988 1012 1057 Turn
1051 1013 1216 1057 vero
1259 1011 1477 1058 omne
1515 986 1692 1057 mihi
1733 985 1971 1063 visum
2003 984 2367 1055 considere
2406 983 2483 1055 ln
2518 982 2735 1083 ignis

703 1104 964 1191 Ilium,
1010 1122 1078 1174 et
1115 1126 1202 1178 ex
1241 1102 1394 1173 imo
1435 1103 1610 1183 verti
1651 1100 2020 1195 Neptunia
2054 1098 2291 1179 Troia.

701 1220 806 1291 Ac
845 1218 1064 1293 veluti
1103 1218 1405 1291 summis
1445 1218 1816 1311 antiquam
1859 1216 1931 1283 in
1970 1215 2345 1295 montibus
2380 1238 2643 1293 omum
2666 1264 2697 1305 ,

703 1332 958 1439 Quom
1001 1330 1178 1403 ferro
1222 1333 1532 1419 adcisam
1577 1332 1974 1423 crebrisque
2008 1329 2445 1423 bipennibus
2484 1329 2773 1415 instant

701 1451 956 1533 Emere
997 1449 1340 1545 agricolae
1379 1446 1740 1535 certatim;
1781 1446 1904 1515 illa
1944 1469 2170 1537 usque
2214 1444 2565 1535 minatur,

702 1564 792 1637 Et
831 1562 1236 1651 tremefacta
1275 1588 1565 1647 comam
1603 1584 1951 1635 concusso
1991 1560 2243 1633 vertice
2280 1577 2517 1639 nutat,
2702 1652 2713 1661 .

701 1678 1146 1751 Vulneribus
1185 1678 1418 1761 donec
1459 1677 1832 1771 paullatim
1874 1676 2095 1745 evicta
2122 1727 2143 1763 ‚
2188 1698 2609 1769 supremum

703 1794 1147 1893 Cougemuit
1171 1848 1190 1883 ,
1240 1793 1592 1887 traxitque
1621 1791 1811 1890 jugis
1845 1791 2085 1871 avolsa
2119 1791 2416 1870 ruinam.

705 1908 1087 1982 Descendo
1115 1963 1136 1998 ‚
1191 1934 1268 1980 ac
1317 1908 1618 1987 ducente
1659 1908 1799 1986 deo
1843 1904 2215 1981 flammam
2252 1904 2431 1976 inter
2464 1922 2533 1979 et
2570 1906 2817 1981 hostis

705 2025 1088 2123 Expediet.
1171 2024 1346 2105 dant
1387 2026 1528 2095 tela
1565 2025 1812 2104 locum
1838 2076 1857 2109 ,
1914 2020 2394 2113 flammaeque
2430 2020 2803 2093 recedunt.

820 2140 1062 2232 Atque
1097 2139 1218 2209 ubi
1249 2141 1403 2235 jam
1443 2137 1706 2233 patriae
1746 2154 2174 2229 perventum
2215 2133 2305 2209 ad
2340 2138 2591 2211 limina
2630 2136 2835 2211 sedis
2860 2192 2885 2229 ,

703 2254 1205 2349 Anthuasque
1246 2254 1563 2335 domos;
1613 2252 1933 2351 genitor,
1988 2277 2208 2345 quern
2248 2252 2494 2332 tollere
2532 2252 2610 2321 in
2650 2252 2855 2327 altos

705 2368 1072 2463 Optabam
1113 2368 1434 2462 primum
1469 2367 1741 2449 montis
1767 2421 1786 2455 ‚
1831 2366 2295 2460 primumque
2338 2365 2674 2463 petebam
2700 2420 2729 2457 ‚

703 2484 1034 2585 Abnegat
1071 2484 1298 2565 excisa
1331 2484 1554 2561 vitam
1591 2481 1979 2580 producere
2015 2480 2233 2552 Troia
2260 2536 2283 2570 ‚

707 2599 1205 2693 Exsiliumque
1246 2599 1410 2693 pati.
1488 2622 1619 2670 vos
1657 2622 1702 2667 0
1730 2651 1751 2686 ‚
1794 2596 2063 2689 quibus
2101 2596 2368 2703 integer
2403 2598 2551 2667 aevi

705 2712 1041 2814 Sanguis,
1082 2714 1220 2801 ait,
1269 2712 1687 2806 solidaeque
1729 2736 1857 2793 suo
1902 2728 2087 2795 stant
2123 2711 2377 2795 robore
2414 2712 2635 2805 vires²

703 2830 868 2903 Vos
905 2832 1158 2928 agitate
1196 2826 1457 2927 fugam.

705 2946 830 3019 Me
871 2946 929 3018 si
969 2945 1352 3017 coelicolae
1381 2945 1782 3031 voluisseut
1821 2942 2073 3015 ducere
2111 2944 2331 3014 vitam
2356 2998 2379 3033 ‚

708 3060 858 3133 Has
894 3061 1073 3132 mihi
1111 3078 1493 3149 servassent
1529 3061 1745 3135 sedes.
1830 3062 1994 3133 satis
2034 3084 2174 3129 una
2212 3084 2567 3153 superque

707 3174 1053 3247 Vidimus
1088 3176 1404 3264 excidia,
1445 3194 1515 3249 et
1553 3194 1797 3271 captae
1839 3173 2320 3270 superavimus
2362 3174 2535 3245 urbi.

707 3289 819 3374 Sic
863 3314 908 3359 o
934 3344 954 3378 ‚
1003 3290 1098 3360 sic
1135 3290 1460 3383 positum
1494 3288 1710 3360 adfati
1749 3292 2087 3365 discedite
2125 3315 2403 3384 corpus.

712 3406 885 3497 Ipse
917 3426 1142 3473 manu
1181 3422 1490 3475 mortem
1528 3404 1909 3489 inveniam.
1985 3405 2429 3489 miserebitur
2463 3406 2686 3484 hostis
2708 3458 2737 3497 ,

704 3518 1160 3608 Exuviasque
1199 3535 1414 3626 petet,
1497 3517 1720 3595 facilis
1742 3522 2012 3618 jactura
2052 3520 2387 3614 sepulcri„

700 3632 867 3729 Jam
907 3630 1188 3727 pridem
1231 3630 1501 3705 invisus
1542 3632 1761 3720 divis,
1812 3654 1883 3703 et
1923 3634 2195 3705 inutilis
2234 3660 2465 3723 annos

707 3748 1070 3820 Demoror
1118 3776 1133 3817 z
1192 3772 1282 3819 ex
1329 3756 1480 3853 quo
1522 3774 1644 3818 me
1687 3746 1935 3818 divom
1970 3768 2165 3843 pater
2196 3768 2412 3843 atque
2446 3750 2838 3837 hominum
2874 3778 3013 3826 rex

709 3862 1065 3934 fulminis
1101 3863 1389 3942 adflavit
1425 3864 1653 3942 ventis
1749 3881 1818 3934 et
1858 3866 2154 3950 confinii
2200 3866 2366 3934 iani.
