3750 6217
519 804 968 891 'AENEIDOS
1026 816 1106 889 lv.
1165 845 1197 891 v.
1250 821 1339 896 160.
1466 822 1541 918 189

251 1072 253 1077 Ι
339 1000 341 1007 ’
390 978 528 1057 Interea
546 1003 681 1078 magno
700 983 840 1055 misceri
858 1007 1040 1055 murmure
1059 985 1204 1056 coelum

273 1188 277 1197 Ι
332 1096 476 1191 Incipit.
517 1096 716 1188 insequitur
736 1099 920 1169 conmixta
939 1099 1109 1195 grandine
1129 1097 1285 1173 nimbus.

331 1211 378 1283 Et
394 1210 495 1306 Tyrii
513 1205 663 1283 comites
683 1214 841 1307 passim,
865 1233 900 1283 et
920 1211 1076 1284 Troiana
1091 1216 1276 1313 juventus,

331 1325 608 1419 Dardaniusque¹
625 1350 743 1421 nepos
760 1327 929 1420 Veneris,
951 1327 1086 1400 diversa
1103 1354 1167 1423 per
1186 1352 1288 1427 agros

332 1441 443 1513 Tecta
461 1457 562 1518 metu
579 1442 723 1536 petiere.
764 1461 872 1515 ruunt
890 1443 935 1513 de
955 1444 1142 1516 montibus
1159 1467 1293 1515 amnes.

251 1581 254 1586 ·
330 1554 550 1652 Speluncam
568 1555 666 1629 Dido
686 1557 763 1628 dux
779 1575 815 1628 et
833 1557 1012 1629 Troianus
1032 1558 1199 1629 eamdam

285 1666 289 1673 ’
332 1671 548 1743 Deveniunt
589 1673 706 1767 prima
724 1692 760 1743 et
778 1672 905 1744 Tellus
925 1691 960 1744 et
977 1672 1143 1767 pronuba
1158 1672 1257 1762 Juno

327 1770 430 1859 ¹Dant
449 1788 616 1884 signum:
645 1787 773 1862 fulsere
788 1788 907 1886 ignes,
934 1805 970 1860 et
989 1789 1153 1860 conscius
1172 1789 1290 1861 aether

332 1901 536 1975 Connubiis
558 1932 565 1973 :
595 1927 816 1996 summoque
835 1904 1018 1974 ulularunt
1034 1905 1162 1977 vertice
1181 1902 1386 1998 Nymphae.

332 2018 401 2089 Ille
418 2018 493 2089 dies
510 2018 647 2113 primus
667 2019 728 2090 leti
749 2018 959 2113 primusque
978 2020 1159 2090 malorum

332 2132 465 2206 Caussa
484 2133 561 2205 fuit.
598 2158 717 2227 neque
738 2134 837 2204 enim
858 2132 977 2226 specie
997 2132 1136 2206 famave
1156 2153 1345 2225 movetur,

332 2247 407 2323 Nec
420 2252 497 2345 jam
518 2248 687 2320 i'rtrtivom
708 2248 807 2319 Dido
827 2249 1019 2320 meditatur
1038 2274 1222 2321 amorem:

333 2361 554 2462 Coniugium
572 2384 678 2434 vocat
698 2393 705 2432 :
734 2366 805 2435 hoc
825 2364 998 2457 praetexit
1017 2365 1168 2435 nomine
1188 2357 1343 2457 culpam.

389 2479 585 2576 Extemplo
604 2481 739 2575 Libyae
757 2503 903 2577 magnas
923 2481 950 2550 it
970 2478 1078 2550 Fama
1099 2506 1162 2573 per
1178 2478 1305 2559 urbes;

333 2593 458 2682 Fama,
477 2598 616 2676 malum
638 2621 709 2688 qua
726 2619 804 2666 non
824 2594 922 2666 aliud
939 2595 1098 2666 velocius
1116 2596 1255 2673 ullumr

333 2706 535 2781 Mobilitate
557 2712 676 2809 viget,
698 2711 861 2804 viresque
881 2709 1039 2801 adquirit
1058 2711 1202 2789 eundo;

334 2822 442 2894 Parva
459 2847 559 2897 metu
577 2827 721 2919 primm
745 2849 835 2895 mox
854 2849 928 2896 sese
949 2823 1092 2894 adtollit
1111 2825 1287 2913 inauras,
1349 2902 1354 2911 ,

334 2937 603 3036 Ingrediturque
625 2943 725 3029 solo,
744 2958 778 3011 et
793 2958 901 3035 caput
920 2939 1012 3010 inter
1030 2938 1154 3009 nubila
1172 2939 1305 3010 condit

333 3053 441 3124 Illam
461 3053 567 3126 Terra
587 3067 736 3148 pa'rens,
758 3056 807 3126 ira
824 3055 960 3125 inritata
980 3055 1154 3141 deorum,

333 3168 565 3259 Extremam,
590 3189 631 3241 ut
650 3170 859 3264 perhibent,
881 3169 983 3240 Coeo
1003 3168 1260 3261 Enceladoque
1278 3191 1438 3241 sororem

332 3283 548 3382 Progenuit,
570 3285 725 3379 pedibus
745 3285 921 3372 celerem,
949 3302 984 3354 et
1003 3283 1206 3378 pernicibus
1225 3282 1298 3354 alis.

332 3396 537 3472 Monstrum
549 3400 780 3489 horrendum,
789 3398 1005 3498 ingens:cui‚
1019 3417 1110 3492 quot
1121 3415 1204 3471 sunt
1216 3422 1364 3495 corpore
1372 3400 1534 3495 plumae,

332 3514 409 3585 Tot
425 3515 548 3613 vigiles
568 3516 666 3586 oculi
685 3515 822 3603 subter,
844 3513 1006 3584 mirabile
1024 3515 1148 3603 dictu,

332 3628 407 3700 Tot
427 3631 588 3728 linguae,
608 3630 761 3702 totidem
783 3655 843 3700 ora
861 3647 1011 3718 sonant,
1030 3647 1088 3737 pot
1107 3628 1252 3726 subrigit
1269 3628 1369 3705 auris.

331 3744 449 3817 Nocte
469 3746 568 3816 volat
584 3747 676 3817 coeli
689 3745 812 3816 medio
834 3764 1035 3838 terraeque,
1057 3769 1120 3839 per
1140 3744 1308 3821 umbram

332 3857 516 3949 Stridens,
543 3885 609 3932 nec
630 3862 726 3931 dulci
747 3860 902 3932 declinat
921 3861 1058 3930 lumina
1080 3883 1223 3931 somno.

332 3974 430 4046 Luce
449 3976 546 4047 sedet
566 3994 683 4048 custos
700 3993 763 4046 aut
782 3976 916 4047 summi
937 3976 1094 4046 culmme
1113 3974 1220 4063 tecti,

332 4089 507 4167 Turribus
526 4109 586 4161 aut
604 4091 704 4180 altis,
727 4109 764 4162 et
782 4114 929 4189 magnas
948 4090 1079 4161 territat
1097 4088 1224 4171 urbest

333 4204 428 4292 Tam
446 4207 518 4279 ficti
537 4206 709 4301 pravique
725 4223 849 4295 tenax,
874 4230 984 4298 quam
1004 4204 1128 4276 nuntia
1144 4203 1226 4277 veri.

332 4321 432 4392 Haec
452 4340 531 4393 tum
548 4321 743 4414 multiplici
764 4323 927 4416 populos
946 4344 1111 4392 sermone
1128 4318 1289 4415 replebat

333 4437 525 4527 Gaudens,
550 4457 586 4509 et
604 4437 732 4532 pariter
749 4435 837 4508 facta
854 4455 963 4529 atque
980 4434 1110 4507 infecta
1129 4435 1300 4511 canebat:

332 4553 484 4626 Venisse
504 4554 672 4642 Aenean,
694 4551 855 4625 Troiano
876 4551 1046 4650 sanguine
1066 4568 1221 4642 etenim,

333 4668 403 4739 Cui
426 4694 462 4742 se
480 4670 625 4765 pulchra
642 4669 718 4740 viro
738 4668 905 4768 dignetur
921 4668 1071 4768 jungere
1090 4665 1211 4738 Didor
