3750 6217
356 724 434 798 226
550 707 999 793 AENEIDOS
1056 711 1104 786 V.
1163 738 1197 786 v.
1247 711 1340 803 655.

351 886 553 986 Ambiguae
575 901 732 979 spectare
751 901 861 973 rates,
883 882 1056 955 miserum
1074 882 1165 954 inter
1184 905 1350 955 amorem

352 1002 549 1078 Praesentis
568 1018 699 1091 terrae,
723 1001 876 1094 fatisque
895 999 1062 1072 vocantia
1081 1011 1206 1099 regna:

352 1122 483 1228 Quom
503 1119 570 1190 dea
588 1142 625 1188 se
645 1117 791 1211 paribus
809 1140 874 1211 per
891 1117 1036 1189 coelum
1056 1117 1201 1189 sustulit
1220 1117 1309 1209 alis,

353 1239 620 1336 lugentemque
640 1232 724 1332 fuga
744 1234 856 1306 secuit
875 1234 944 1306 sub
961 1232 1121 1306 nubibus
1141 1257 1274 1307 arcum.

354 1353 455 1424 Tum
474 1373 559 1423 vero
580 1348 761 1422 adtonitae
777 1349 969 1439 monstris,
991 1368 1162 1444 actaeque
1181 1347 1301 1421 furore

354 1468 620 1557 Conclamant,
643 1467 864 1562 rapiuntque
882 1465 976 1539 focis
996 1466 1237 1562 penetralibus
1257 1467 1402 1566 ignem:

354 1583 440 1656 Pars
458 1583 618 1677 spoliant
637 1607 729 1673 aras,
754 1581 950 1671 frondem,
973 1606 1013 1653 ac
1030 1584 1201 1681 virgulta,
1224 1581 1391 1678 facesque

356 1698 580 1798 Conjiciunt.
621 1697 708 1770 furit
725 1699 881 1771 inmissis
901 1697 1089 1770 Volcanus
1106 1697 1257 1772 habenis

356 1816 523 1887 Transtra
542 1839 608 1909 per
626 1832 662 1886 et
681 1841 822 1905 remos,
841 1833 877 1886 et
895 1816 1010 1909 pictas
1030 1814 1146 1887 abiete
1163 1815 1311 1910 puppis.

356 1931 515 2002 Nuntius
534 1929 711 2003 Anchisae
731 1931 777 2002 ad
796 1931 1006 2022 tumulum,
1030 1953 1239 2024 cuneosque
1255 1931 1407 2021 theatri,

355 2047 527 2119 Incensas
545 2046 676 2139 perfert
697 2047 798 2116 navis
818 2044 994 2116 Eumelus
1018 2074 1025 2114 ε
1056 2062 1092 2116 et
1109 2046 1180 2140 ipsi

356 2161 574 2255 Respiciunt
593 2175 705 2231 atram
725 2161 764 2231 in
787 2158 918 2230 nimbo
938 2160 1087 2233 volitare
1109 2160 1279 2234 favillam.

358 2278 502 2350 Primus
521 2291 557 2347 et
574 2275 768 2366 Ascanius,
791 2299 912 2349 cursus
929 2293 972 2349 ut
991 2279 1104 2350 laetus
1124 2294 1303 2371 equestres

358 2392 546 2481 Ducebat,
570 2391 620 2463 sic
637 2417 716 2465 acer
735 2417 833 2487 equo
853 2391 992 2466 turbata
1012 2394 1141 2487 petivit

358 2507 483 2581 Castra
505 2536 513 2576 :
542 2531 608 2579 nec
626 2509 808 2596 exanimes
826 2527 981 2602 possunt
1000 2510 1148 2583 retinere
1168 2512 1333 2611 magistri.

360 2623 458 2730 Quis
474 2623 575 2695 furor
591 2623 657 2696 iste
675 2624 830 2696 novus?
860 2648 936 2718 quo
956 2649 1082 2718 nunc,
1106 2652 1182 2721 quo
1202 2628 1373 2719 tenditis,
1395 2629 1542 2726 iuquit,

360 2739 445 2813 Heu
465 2740 613 2812 miserae
631 2742 725 2814 cives
748 2740 766 2811 ?
795 2763 875 2812 non
894 2741 1059 2833 hostem,
1084 2743 1304 2838 inimicaque
1324 2762 1432 2820 casua

361 2852 561 2955 Argivdm,
581 2875 710 2930 vestras
731 2881 814 2952 spes
835 2857 946 2929 uritis.
986 2883 1032 2929 en
1050 2884 1117 2958 ego
1135 2876 1248 2932 vester

362 2957 538 3046 Ascanius
556 2999 564 3040 ε
596 2975 735 3072 galeam
753 2990 836 3044 ante
854 2972 967 3068 pedes
983 2973 1135 3073 projecit
1154 2977 1324 3068 inanem,

353 3083 448 3194 ‘Qua
464 3088 555 3160 ludo
576 3088 725 3162 indutus
743 3089 831 3160 belli
851 3089 1037 3161 simulacra
1059 3091 1183 3165 ciebat.

363 3203 551 3275 Adcelerat
571 3206 680 3276 simul
697 3204 857 3295 Aeneas,
878 3205 989 3276 simul
1009 3207 1152 3303 agmina
1171 3207 1364 3278 Teucrum.

365 3318 431 3390 Ast
450 3317 530 3389 illae
548 3318 684 3392 diversa
702 3339 804 3392 metu
821 3345 885 3415 per
902 3320 1006 3391 litora
1026 3323 1162 3414 passim

366 3433 595 3532 Diffugiunt3
624 3437 826 3529 silvasque,
851 3453 886 3507 et
906 3436 1018 3507 sicubi
1040 3460 1196 3510 concava
1215 3437 1337 3509 furtim

291 3641 297 3648 .
367 3547 476 3639 Saxa,
501 3566 640 3645 petunt.
679 3553 778 3650 piget
798 3551 955 3646 incepti,
976 3552 1158 3644 lucisque,
1181 3575 1338 3646 suosque

366 3665 527 3738 Mutatae
545 3666 788 3766 adgnoscunt,
812 3649 1030 3760 excussaque
1048 3688 1192 3762 pectore
1206 3669 1305 3758 Juno
1326 3689 1386 3743 est.

366 3781 439 3854 Sed
458 3808 534 3854 non
555 3784 686 3856 idcirco
707 3782 876 3855 flammae
896 3802 1004 3877 atque
1025 3784 1190 3855 incendia
1206 3787 1297 3858 tn'res

368 3899 574 3971 Indomitas
593 3926 771 3995 posuere:
802 3900 878 3970 udo
896 3899 964 3971 sub
984 3899 1114 3971 robore
1131 3903 1218 3975 vivit

370 4012 509 4109 Stuppa
524 4041 677 4088 vomens
697 4017 839 4088 tardum
856 4014 1025 4107 fumum,
1050 4020 1242 4114 lentusque
1262 4020 1397 4094 carinas

371 4128 435 4201 Est
451 4155 580 4224 vapor,
603 4150 638 4202 et
654 4151 733 4205 toto
756 4133 942 4206 descendit
964 4158 1114 4229 corpore
1134 4138 1263 4232 pestis:

371 4244 450 4316 Nec
468 4246 558 4318 vires
575 4248 728 4319 heroum
747 4250 938 4345 infusaque
958 4248 1111 4322 flumina
1128 4270 1291 4346 prosunt.

373 4360 474 4431 Tum
493 4363 575 4456 pius
594 4362 733 4439 Aeneas
749 4365 908 4439 humeris
926 4365 1131 4438 abscindere
1150 4388 1308 4458 vestem,

373 4475 595 4574 Auxilioque
616 4508 742 4555 vocare
764 4484 875 4572 deos,
902 4500 938 4554 et
956 4482 1100 4554 tendere
1117 4485 1278 4578 palmas:

369 4592 537 4690 Juppiter
557 4601 816 4722 omnipotens,
838 4600 868 4673 si
885 4596 1055 4672 nondum
1075 4624 1206 4677 exosus
1223 4599 1269 4673 ad
1290 4589 1408 4675 unum
