3750 6217
362 728 440 800 rto
536 713 1372 807 AENE1D05111.r-.589;

358 892 655 981 Humentemque
678 885 812 956 Aurora
832 883 922 977 polo
948 881 1145 954 dimoverat
1167 884 1358 955 umbram:

359 1007 488 1113 Quom
509 1004 627 1076 subito
649 1027 668 1071 e
693 1001 811 1086 silvis,
837 998 950 1068 macie
971 996 1133 1070 conlecta
1154 1024 1340 1093 suprema,

359 1121 481 1220 lgnoti
503 1144 597 1190 nova
617 1117 732 1188 lorma
755 1115 841 1203 viri,
866 1113 1135 1207 miserandaque
1156 1118 1278 1203 cultu,

360 1235 550 1327 Procedit,
571 1235 799 1328 supplexque
818 1253 946 1300 manus
969 1228 1014 1299 ad
1037 1230 1139 1302 litora
1162 1231 1287 1304 tendit.

359 1350 597 1445 Respicimus.
635 1349 710 1419 dira
731 1346 901 1434 inluvies,
928 1345 1149 1440 inmissaque
1175 1347 1309 1439 barba,

361 1465 575 1540 Consertum
600 1484 770 1562 tegumen
791 1460 904 1556 spinis
929 1487 939 1527 ι
967 1477 1003 1531 at
1026 1481 1138 1533 cetera
1162 1462 1316 1553 Graius,

360 1581 409 1654 Et
429 1580 615 1675 quondam
634 1578 755 1674 patriis
773 1577 818 1647 ad
837 1575 986 1645 Troiam
1004 1579 1134 1651 missus
1154 1582 1191 1649 in
1211 1581 1326 1652 armis.

362 1697 472 1790 Isque
490 1696 554 1766 ubi
574 1694 774 1765 Dardanios
791 1691 955 1779 habitus,
980 1709 1016 1763 et
1033 1691 1143 1764 Troia
1161 1695 1253 1766 vidit

363 1812 472 1886 Arma
489 1812 636 1904 procul,
656 1810 820 1905 paullum
839 1807 1012 1899 adspectu
1029 1809 1237 1881 conterritus
1253 1810 1382 1898 haesit,

364 1926 629 2019 Continuitque
649 1925 818 2024 gradum;
839 1944 930 1992 mox
950 1946 1023 1993 sese
1044 1922 1090 1992 ad
1110 1924 1212 2000 litora
1232 1950 1401 2020 praeceps

366 2041 465 2113 Cum
482 2039 568 2113 fletu
588 2041 825 2135 precibusque
851 2037 935 2108 tulit
962 2066 971 2105 ε
1001 2038 1068 2108 Per
1086 2040 1198 2112 sidera
1217 2058 1349 2131 testor,

364 2157 432 2247 Per
449 2179 615 2250 superos,
637 2173 744 2249 atque
763 2154 833 2224 hoc
853 2153 946 2223 coeli
966 2153 1132 2248 spirabile
1151 2156 1300 2235 lumem

365 2272 503 2344 Tollite
522 2296 606 2360 me,
628 2270 758 2341 Teucri
778 2297 788 2338 ι
817 2294 1064 2362 quascumque
1083 2269 1249 2343 abducite
1266 2290 1382 2344 terras

365 2387 449 2459 Hoc
468 2406 520 2458 sat
537 2387 609 2459 erit.
648 2387 721 2458 scio
742 2410 801 2455 me
820 2383 953 2456 Danais
973 2410 992 2454 e
1012 2385 1183 2480 classibus
1200 2407 1337 2476 unum,

365 2489 413 2596 Et
430 2502 528 2578 bello
549 2500 677 2574 Iliacos
692 2500 804 2571 fateor
819 2500 963 2595 petiisse
983 2500 1132 2574 Penatis.

367 2618 437 2690 Pro
457 2643 559 2712 quo,
584 2618 612 2690 si
631 2617 768 2691 sceleris
786 2634 883 2686 tants
900 2634 954 2687 est
970 2616 1097 2715 injuria
1115 2620 1249 2708 nostri,

368 2733 525 2831 Spargite
542 2757 601 2804 me
620 2734 658 2804 in
678 2730 828 2820 fluctus,
852 2750 1027 2825 vastoque
1046 2732 1232 2833 inmergite
1251 2753 1380 2830 ponto.

368 2847 406 2922 si
425 2872 555 2945 pereo,
579 2848 775 2919 hominum
790 2846 959 2919 manibus
977 2848 1120 2943 periisse
1133 2850 1281 2947 juvabit.

426 2964 571 3035 Dixerat
590 2993 597 3031 ε
628 2982 663 3035 et
680 2989 793 3063 genua
812 2965 1022 3058 amplexus,
1045 2965 1269 3062 genibusque
1286 2968 1454 3048 volutans

367 3080 551 3157 Haerebat.
588 3082 651 3173 qui
671 3080 737 3168 sit,
759 3078 840 3168 fari,
864 3104 940 3175 quo
962 3081 1134 3178 sanguine
1149 3100 1283 3173 cretus,

323 3261 326 3270 .
369 3196 582 3272 Homerum
609 3219 700 3287 quae
720 3194 850 3265 deinde
871 3195 977 3292 agitet
995 3194 1159 3285 fortuna,
1181 3195 1289 3269 fateri.

370 3312 454 3404 lpse
473 3328 570 3403 pater
588 3309 748 3380 dextram
765 3307 953 3397 Anchises,
975 3312 1071 3381 haud
1090 3314 1204 3383 multa
1223 3332 1398 3400 moratus,

370 3424 442 3497 Dat
453 3424 577 3521 juveni
593 3454 601 3502 ;
625 3442 731 3517 atque
753 3425 917 3494 animum
935 3427 1110 3518 praesenti
1129 3427 1279 3523 pignore
1297 3426 1420 3499 firmat

370 3539 439 3629 Ille
458 3539 565 3627 haec,
588 3539 751 3633 deposita
771 3539 916 3610 tandem
937 3539 1154 3629 formidine,
1178 3539 1287 3612 latur:

428 3654 516 3725 Sum
536 3655 647 3749 patria
666 3678 711 3724 ex
731 3653 869 3742 Ithaca,
894 3680 1018 3727 comes
1038 3654 1188 3726 infelicis
1205 3654 1320 3746 Ulixi,

370 3770 519 3842 Nomen
534 3768 814 3859 Achemenides,
835 3771 984 3843 Troiam
1001 3773 1158 3870 genitore
1177 3769 1372 3844 Adamasto

369 3887 529 3983 Paupere
552 3887 830 3980 (mansissetque
850 3888 987 3959 utinam
1007 3887 1173 3958 fortuna!
1191 3890 1204 3982 )
1222 3888 1413 3983 profectus

371 3998 441 4073 Hic
461 4027 543 4098 me,
567 4002 655 4071 dum
676 4001 806 4094 trepidi
823 4003 976 4074 crudelia
993 4004 1118 4074 limina
1136 4004 1324 4098 linquunt»,

370 4117 596 4193 Inmemores
614 4117 702 4188 socii
720 4136 819 4188 vasto
840 4117 1012 4212 Cyclopis
1032 4119 1068 4189 in
1089 4136 1188 4190 antro

291 4273 293 4277 ι
371 4231 573 4302 Deseruere.
611 4232 744 4303 domus
764 4234 862 4308 sanie
882 4231 1112 4328 dapibusque
1126 4235 1277 4307 cruentis

371 4345 474 4418 Intus
495 4370 625 4440 opaca,
649 4347 782 4445 ingens
823 4348 900 4443 ipse
920 4348 1070 4435 arduus,
1092 4350 1232 4441 altaque
1250 4351 1369 4443 pulsat

371 4460 515 4552 Sidera,
540 4461 639 4555 (Dii,
661 4465 769 4533 talem
788 4464 885 4535 terris
904 4464 1046 4533 avertite
1065 4463 1229 4555 pestem)

371 4575 448 4674 Nec
464 4578 543 4672 visu
560 4575 697 4674 facilis,
721 4602 786 4650 nec
806 4578 905 4672 dictu
924 4575 1093 4678 adfabilis
1107 4576 1181 4651 ulli.
