3750 6217
360 724 437 814 388
550 715 1367 811 AENE1D05·xtv‚a53.

357 887 473 973 Sistit,
496 905 532 957 et
551 885 740 956 Arruntem
760 887 904 959 tumulo
925 885 1126 979 speculatur
1145 884 1190 955 ab
1208 886 1294 956 alto.

355 1001 405 1076 Ut
421 1002 512 1074 vidit
531 1000 726 1099 fulgentem
744 1002 872 1087 armis,
896 1025 937 1071 ac
953 1025 1042 1071 vana
1063 1018 1288 1077 tumentem

356 1117 453 1207 Cur,
476 1117 617 1214 inquit,
644 1118 800 1188 diversus
819 1117 897 1187 abis
921 1118 938 1184 ἓ)
966 1117 1036 1186 huc
1056 1117 1166 1214 dirige
1184 1139 1362 1214 gressum,

354 1233 437 1306 Huc
459 1237 609 1330 periture
627 1232 735 1302 veni:
762 1234 882 1327 capias
901 1250 942 1303 ut
962 1231 1067 1328 digna
1090 1229 1267 1308 Camillae

355 1350 542 1438 Praemia,
566 1367 679 1442 tuque
700 1348 807 1418 etiarn
827 1349 907 1419 telis
923 1349 1074 1419 moriere
1095 1347 1242 1422 Dianae

354 1465 479 1555 Dixit,
499 1485 534 1535 et
551 1453 666 1534 aurata
684 1465 868 1534 volucrem
891 1463 1054 1534 Threissa
1074 1462 1237 1561 sagittam

354 1580 565 1675 Depromsit
585 1582 762 1673 pharetra,
787 1604 971 1672 cornuque
993 1578 1130 1649 infensa
1149 1577 1317 1673 tetendit,

354 1698 401 1768 Et
418 1697 521 1767 duxit
541 1698 675 1793 longe,
698 1695 815 1766 donec
833 1715 972 1765 curvata
993 1696 1128 1765 coirent

353 1813 452 1884 Inter
471 1840 506 1884 se
528 1812 665 1905 capita,
688 1830 723 1881 et
741 1810 909 1882 manibus
921 1803 998 1906 jam
1019 1825 1174 1906 tangeret
1192 1811 1339 1904 aequis,

353 1927 472 2000 Laeva
489 1930 601 1998 aciem
622 1926 721 2013 ferri,
748 1926 867 1997 dextra
888 1950 1070 2019 nervoque
1089 1928 1275 2019 papillam.
1335 1965 1340 1990 ι

353 2044 549 2138 Extemplo
567 2045 629 2112 teli
649 2042 834 2115 stridorem
856 2067 1030 2133 aurasque
1050 2062 1217 2114 sonantes

352 2159 482 2231 Audiit
503 2183 574 2229 una
593 2157 747 2243 Arruns,
769 2158 953 2248 haesitque
972 2157 1010 2227 in
1031 2181 1180 2250 corpore
1201 2156 1342 2233 ferrum.

353 2275 467 2345 Illum
487 2275 724 2367 exspirantem
744 2272 832 2344 socii
852 2290 960 2365 atque
980 2291 1133 2344 extrema
1150 2291 1353 2370 gementem

352 2390 470 2461 Obliti
490 2391 616 2486 ignoto
637 2413 850 2483 camporum
869 2387 908 2457 in
927 2390 1074 2481 pulvere
1094 2389 1287 2482 linquunt:

352 2507 447 2600 Opis
467 2506 512 2575 ad
532 2504 728 2576 aetherium
747 2504 877 2599 pennis
899 2501 1053 2574 aufertur
1071 2505 1290 2598 Olympum.

410 2620 529 2690 Prima
549 2620 659 2718 fugit,
684 2619 835 2689 domina
853 2620 1000 2707 amissa,
1023 2621 1110 2690 levis
1131 2622 1185 2691 ala
1206 2617 1399 2702 Camillae:

351 2736 502 2807 Turbati
522 2730 667 2834 fugiunt
685 2733 810 2806 Rutuli
832 2763 839 2802 :
868 2733 960 2832 fugit
975 2759 1052 2805 acer
1070 2728 1220 2812 Atinati:

352 2852 571 2952 Disjectique
590 2851 698 2922 duces
716 2850 940 2943 desolatique
960 2851 1113 2945 manipli

351 2967 448 3039 Tuta
466 2987 618 3063 petunt,
641 2987 676 3039 et
696 2967 799 3059 equis
817 2966 926 3036 aversi
947 2966 992 3035 ad
1008 2968 1152 3038 moenia
1172 2968 1335 3041 tendunt

352 3085 429 3155 Nec
451 3086 644 3178 quisquam
662 3081 822 3154 instantis
842 3081 1001 3153 Teucros
1022 3082 1209 3177 letumque
1228 3083 1370 3162 ferentis

353 3199 552 3270 Sustentare
571 3203 665 3268 valet
682 3198 781 3285 telis,
803 3215 863 3267 aut
884 3198 1001 3268 sistere
1019 3216 1164 3269 contra:

352 3315 422 3384 Sed
443 3318 541 3386 laxos
561 3314 715 3384 referunt
734 3314 889 3383 hunreris
911 3316 1161 3410 languentibus
1181 3340 1299 3388 arcus:

354 3430 716 3533 Quadrupedumque
737 3449 879 3523 putrem
899 3453 1002 3500 cursu
1024 3432 1138 3521 quatit
1157 3432 1288 3529 ungula
1310 3456 1495 3525 campum.

352 3545 523 3622 Volvitur
541 3545 586 3614 ad
606 3570 728 3615 muros
747 3546 894 3642 caligine
914 3545 1077 3617 turbidus
1098 3566 1168 3619 atra

352 3662 493 3750 Pulvis,
521 3681 555 3732 et
574 3687 592 3731 e
614 3663 766 3755 speculis
787 3686 970 3755 percussae
988 3680 1130 3754 pectora
1151 3683 1279 3739 matres

352 3778 566 3848 Femineum
586 3781 780 3849 clamorem
799 3777 844 3846 acl
862 3777 957 3846 coeli
977 3777 1086 3848 sidera
1106 3779 1249 3856 tollunt.

354 3892 429 3998 Qui
450 3922 552 3965 cursu
577 3914 696 3988 portas
715 3894 822 3985 primi
842 3894 1006 3986 inrupere
1024 3894 1201 3986 patentis,

353 4009 432 4080 Hos
453 4011 598 4079 inimica
619 4032 724 4100 super
741 4009 857 4077 mixto
879 4009 1012 4100 premit
1029 4009 1171 4105 agmine
1189 4010 1314 4080 turba:

270 4172 274 4176 -
353 4125 429 4195 Nec
449 4127 614 4194 miseram
635 4122 806 4219 ell'ugiunt
826 4143 1004 4210 mortem,
1029 4125 1090 4198 sed
1109 4125 1234 4196 limine
1254 4128 1292 4198 in
1313 4126 1415 4219 ipso,

117 5185 391 5599 χ

352 4240 545 4310 Moenibus
566 4239 603 4306 in
623 4238 764 4329 patriis,
787 4257 893 4330 atque
915 4240 1003 4308 inter
1023 4258 1098 4312 tuta
1118 4241 1337 4332 domorum,

353 4355 497 4424 Consrxi
519 4344 697 4447 exspirant
718 4355 864 4428 animas.
907 4380 986 4447 pars
1005 4356 1165 4431 claudere
1185 4377 1329 4449 portas3

352 4471 427 4540 Nec
448 4471 551 4541 sociis
570 4471 700 4564 aperire
722 4471 843 4558 viam,
868 4496 932 4544 nec
953 4472 1144 4545 moenibus
1165 4472 1299 4551 audent

351 4586 524 4679 Adcipeoe
544 4587 675 4657 orantis
700 4614 707 4656 ι
739 4588 917 4679 oriturque
938 4587 1131 4664 miserrima
1153 4588 1278 4670 caedes
