3750 6217
517 700 965 786 'AENEIDOS
1021 712 1131 796 VII·
1190 740 1223 787 r.
1274 737 1364 809 523.
1454 736 1535 824 277¹

331 878 494 948 Direxere
513 875 613 946 acies.
654 901 732 946 non
745 880 822 974 jam
841 878 1031 948 certamine
1048 879 1198 977 agresti,

330 992 518 1087 Stipitibus
535 991 632 1064 duris
652 993 782 1090 agitur,
806 992 998 1064 sudibusve
1019 993 1210 1088 praeustisr

330 1109 400 1180 Sed
419 1105 509 1177 ferro
527 1108 675 1202 ancipiti
695 1107 912 1196 decernunt,
933 1126 1074 1202 atraque
1093 1112 1163 1196 late

330 1223 513 1302 Horrescit
534 1222 659 1295 strictis
682 1247 780 1320 seges
803 1223 970 1312 ensibus,
994 1248 1143 1318 aeraque
1160 1223 1297 1322 fulgent

330 1339 413 1410 Sole
432 1338 612 1428 lacessita,
638 1358 674 1409 et
693 1340 810 1407 lucem
831 1340 898 1409 sub
920 1338 1044 1409 nubila
1058 1343 1211 1437 jactant:

331 1455 478 1526 Fluctus
497 1455 550 1526 uti
574 1455 696 1549 primo.
713 1455 834 1547 coepit
854 1478 970 1548 quom
990 1455 1163 1528 albescere
1186 1473 1323 1544 ventu,

332 1571 523 1647 Paullatim
540 1594 614 1647 sese
634 1569 730 1640 tollit
749 1593 872 1658 mate,
897 1587 932 1654 et
952 1571 1055 1644 altius
1076 1570 1191 1641 undas

221 1755 223 1759 .
330 1687 460 1783 Erigit,
486 1685 570 1755 inde
592 1686 667 1755 imo
689 1685 869 1781 consurgit
886 1683 932 1754 ad
952 1685 1087 1757 aethera
1106 1683 1234 1775 fundo,
1267 1717 1268 1720 ’

226 1813 231 1821 ’
331 1797 399 1871 Hic
419 1801 560 1897 juvenis
582 1800 737 1893 primam
758 1818 839 1870 ante
862 1800 976 1870 aciem
987 1776 1163 1873 'stridente
1188 1802 1331 1900 sagitta,

333 1917 534 1986 Gnatorum
557 1915 704 2008 Tyrrhei
728 1914 840 1985 luerat
858 1914 921 2006 qui
947 1940 1156 2015 maxumus·
1180 1915 1290 1989 Almo

331 2030 509 2102 Sternitur.
545 2031 657 2102 haesit
677 2031 775 2100 enirn
799 2031 865 2100 sub
887 2047 1026 2126 gutture
1050 2033 1204 2119 volnus,
1227 2050 1262 2102 et
1283 2030 1375 2108 udae

331 2146 445 2217 Vocis
466 2147 547 2234 iter,
570 2164 788 2238 tenuemque
808 2145 952 2217 inclusit
972 2146 1144 2244 sanguine
1169 2147 1291 2231 vitam,

332 2260 494 2355 Corpora
517 2262 631 2333 multa
651 2262 768 2331 virum
790 2260 900 2348 circa,
924 2261 1118 2354 seniorque.
1133 2242 1321 2352 Galaesus,

331 2375 433 2447 Dum
454 2378 533 2470 paci
552 2377 716 2453 medium
739 2400 776 2450 se
797 2374 926 2463 offert;
950 2377 1168 2473 justissimus
1188 2401 1282 2454 unus

332 2491 407 2596 Qui
427 2490 514 2582 fuit,
532 2491 772 2583 Ausoniisque
794 2490 882 2561 olim
903 2490 1101 2580 ditissimus
1119 2492 1231 2569 arvis;

331 2608 505 2710 Quinque
526 2632 644 2706 greges
663 2607 717 2676 illi
732 2605 939 2694 balantum,
961 2606 1071 2699 quina
1089 2606 1252 2690 redibant

332 2721 524 2811 Armenta,
543 2741 579 2793 et
599 2741 725 2807 terram
746 2737 892 2792 centum
909 2719 1065 2792 vertebat
1081 2722 1208 2794 aratris.

389 2835 507 2928 Atque
531 2863 571 2907 ea
593 2862 656 2931 per
676 2861 826 2931 campos
848 2860 963 2928 aequo
985 2835 1075 2928 dum
1096 2835 1208 2906 Marte
1232 2832 1420 2934 geruntur,

332 2951 503 3022 Promissi
526 2952 592 3031 dea
612 2951 700 3022 facta
721 2970 871 3048 potens,
892 2950 955 3031 ubi
976 2951 1145 3049 sanguine
1165 2949 1307 3041 bellum

333 3065 479 3156 lubuit,
503 3086 538 3140 et
559 3067 693 3161 primae
712 3066 881 3139 conmisit
901 3064 1024 3137 funera
1045 3089 1208 3164 pugnae,

332 3180 470 3253 Deserit
490 3181 719 3276 Hesperiam,
742 3202 776 3253 et
797 3182 889 3252 coeli
908 3205 1076 3253 conversa
1097 3206 1159 3275 per
1179 3204 1279 3254 auras
1311 3182 1318 3192 ’

327 3295 514 3385 Junonem
530 3298 653 3369 victrix
670 3296 807 3368 adfatur
826 3322 914 3368 voce
934 3295 1105 3391 superba:

331 3412 387 3481 En
409 3412 561 3506 perfecta
585 3412 653 3484 tibi
676 3412 774 3485 bello
798 3411 974 3486 discordia
995 3411 1093 3483 tristi.

332 3525 426 3616 Dic,
450 3529 488 3598 irr
506 3527 700 3599 amicitiam
720 3541 865 3618 coeant,
893 3548 928 3613 et
946 3527 1088 3614 foedera
1104 3529 1279 3626 jungant:

332 3641 645 3746 Quandoquidem
665 3641 829 3716 Ausonio
854 3643 1004 3739 respersi
1025 3643 1195 3742 sanguine
1219 3642 1387 3718 Teucros.

330 3757 443 3829 Hocc’
467 3761 574 3842 etiam
591 3759 647 3834 his
668 3758 822 3847 addam,
844 3778 909 3837 tua
928 3759 959 3830 si
981 3759 1072 3831 mihi
1091 3776 1180 3838 certa
1198 3759 1387 3839 voluntasr

331 3873 517 3945 Finitimas
540 3876 578 3943 irr
603 3872 696 3943 bella
716 3873 826 3944 leram
849 3874 1055 3963 rumoribus
1077 3873 1201 3963 urbes,
1309 3968 1310 3972 Ἰ

331 3987 617 4082 Adcendamque
637 3988 779 4059 animos
796 3989 911 4061 insani
929 3989 1052 4062 Martis
1073 4012 1215 4078 amore,

331 4101 503 4194 Undique
525 4122 563 4175 ut
587 4103 719 4183 arocilio
740 4105 884 4183 veniant
905 4131 920 4186 a
944 4129 1105 4200 spargam
1125 4128 1220 4176 arma
1239 4128 1304 4198 per
1327 4128 1437 4203 agros.

332 4218 432 4288 Tum
452 4237 573 4289 contra
588 4217 687 4307 Juno
708 4247 715 4286 :
745 4215 936 4289 ”serrorum
959 4238 994 4290 et
1011 4217 1143 4304 fraudis
1162 4217 1305 4291 abunde
1326 4239 1387 4294 est.

331 4333 433 4404 Stant
452 4333 540 4405 belli
564 4358 704 4423 caussae
725 4358 739 4426 t,
761 4352 939 4432 pugnatur
957 4334 1165 4419 cornminus
1187 4334 1303 4406 armis.

332 4447 437 4552 Quae
457 4446 529 4521 fors
551 4451 667 4548 prima
686 4448 809 4537 dedit,
836 4449 977 4545 sanguis
998 4473 1114 4536 novus
1134 4448 1253 4528 inbuit
1273 4476 1380 4539 arma,

331 4561 434 4635 Talia
455 4566 650 4665 conjugia„
671 4583 706 4641 et
727 4564 807 4655 tal'n
827 4564 1008 4653 celebrent
1025 4565 1251 4661 hymenaeos.
