3750 6217
527 764 972 842 Aruernos
1030 767 1127 841 111.
1188 792 1220 841 v.
1271 769 1362 847 aar.
1473 742 1546 844 rai

342 932 552 1007 Visceribus
570 936 785 1006 miserorum
805 952 841 1004 et
859 933 1030 1031 sanguine
1048 933 1199 1005 vescitur
1218 948 1303 1001 atro.

340 1048 431 1121 Vidi
451 1034 619 1150 egomet,
643 1051 717 1123 duo
739 1051 784 1120 de
804 1073 955 1120 numero
975 1072 1092 1141 quom
1112 1070 1263 1141 corpora
1283 1063 1407 1124 nostro
1526 1076 1529 1083 ·

341 1163 470 1237 Prensa
489 1190 602 1237 rnanu
618 1192 749 1267 magna
766 1167 890 1237 medio
909 1165 1097 1258 resupinus
1116 1164 1154 1233 in
1177 1180 1277 1233 antro

338 1280 527 1380 Frangeret
546 1281 592 1352 ad
613 1307 759 1372 saturn,
787 1283 955 1375 sanieque
975 1304 1138 1374 exspersa
1156 1278 1312 1349 natarent

340 1394 512 1467 Limina:
542 1398 616 1467 vidi
634 1420 707 1470 atto
730 1422 846 1492 quom
867 1396 1030 1475 membra
1047 1394 1191 1465 fluentia
1211 1391 1296 1464 tabo

339 1511 547 1602 Manderet,
573 1532 608 1584 et
626 1514 740 1609 tepidi
759 1530 949 1585 tremerent
970 1510 1037 1581 sub
1056 1509 1225 1581 dentibus
1245 1527 1350 1592 artus,

340 1626 450 1698 Haud
472 1628 609 1723 inpune
629 1629 778 1723 quidem
802 1657 810 1697 :
840 1652 906 1697 nec
925 1627 1008 1697 talia
1025 1648 1149 1720 passus
1168 1622 1309 1716 Ulixes,

339 1743 532 1815 Oblitusve
551 1747 604 1817 sul
625 1765 677 1817 est
698 1746 839 1817 Ithacus
857 1742 1063 1814 discrimine
1080 1758 1189 1813 tanto.

340 1858 435 1929 Nam
456 1860 566 1930 simul
584 1862 747 1955 expletus
762 1859 943 1952 dapibus,
966 1858 1128 1951 vinoque
1148 1855 1327 1949 sepultus,

340 1973 525 2059 Cervicem
546 1972 715 2046 inflexam
740 1975 888 2069 posuit,
911 1973 1095 2072 jacuitque
1113 1996 1177 2066 per
1195 1988 1338 2041 antrum

341 2088 554 2179 Inmensus,
577 2092 713 2163 saniem
733 2108 892 2161 eructans
913 2108 949 2161 et
965 2085 1073 2160 frusta
1094 2104 1239 2163 cruento

340 2202 405 2275 Per
422 2230 595 2277 somnum
614 2207 797 2277 conmixta
815 2230 943 2283 mero;
967 2227 1059 2292 nos,
1081 2227 1211 2301 magna
1231 2200 1364 2294 precati

338 2318 517 2409 Numina,
539 2322 726 2416 sortitique
745 2322 861 2409 vices,
881 2344 953 2390 una
971 2320 1134 2413 undique
1155 2319 1291 2395 circum

338 2423 564 2525 Fundimiar,
589 2456 624 2509 et
644 2439 717 2510 telo
740 2438 864 2506 lumen
883 2434 1100 2507 terebramus
1119 2450 1223 2504 acuto

336 2548 490 2647 Ingens,
519 2553 621 2645 quod
638 2571 737 2624 torva
758 2554 878 2623 solum
897 2550 965 2623 sub
983 2547 1101 2621 fronte
1122 2547 1276 2637 latebat,

336 2661 495 2762 Argolici
514 2668 625 2761 clipei
640 2687 700 2740 aut
721 2667 909 2741 Phoebeae
930 2665 1107 2760 lampadis
1126 2664 1253 2735 instar:

338 2778 383 2851 Et
401 2780 548 2851 tandem
567 2784 648 2853 laeti
669 2783 851 2854 sociorum
869 2781 1073 2852 ulciscimur
1092 2779 1246 2850 umbras.

336 2891 406 2965 Sed
426 2893 558 2993 fugite,
579 2922 601 2967 o
622 2897 767 2988 miseri,
793 2896 926 2997 fugite,
949 2914 1059 2990 atque
1081 2893 1126 2965 ab
1146 2894 1249 2964 litore
1273 2889 1400 2973 funem
1501 2922 1503 2926 ³

337 3007 522 3104 Rumpite.

337 3124 434 3195 Nam
454 3126 571 3218 qualis
591 3143 820 3221 quantusque
838 3153 924 3200 cavo
943 3127 1192 3222 Polyphemus
1209 3122 1249 3194 in
1267 3139 1372 3205 antro

336 3237 526 3338 Lanigeras
546 3242 678 3314 claudit
697 3244 876 3338 pecudes,
899 3262 1007 3337 atque
1029 3240 1137 3313 ubera
1156 3255 1311 3335 pressat,
1349 3226 1358 3243 ,

338 3354 495 3427 Centum
511 3357 570 3426 alii
594 3381 697 3428 curva
709 3357 800 3433 ¹haec
819 3359 981 3430 habitant
999 3358 1047 3431 ad
1064 3357 1168 3429 litora
1185 3354 1300 3452 volgo

336 3468 481 3541 lnfandi
505 3471 707 3567 Cyclopes,
726 3492 761 3544 et
781 3475 860 3546 altis
878 3473 1067 3545 montibus
1086 3489 1208 3543 errant.

336 3585 456 3656 Tertia
468 3587 545 3683 jam
564 3585 685 3659 Lunae
706 3613 743 3659 se
762 3613 895 3660 cornua
916 3589 1055 3669 lumine
1074 3588 1272 3681 conplent,

335 3699 464 3805 Quom
483 3702 593 3773 vitam
614 3704 651 3773 in
672 3703 770 3775 silvis
791 3704 884 3783 inter
901 3704 1035 3777 deserta
1051 3702 1204 3775 ferarum

335 3816 458 3888 Lustra
477 3815 684 3911 domosque
703 3819 826 3910 uallo,
848 3839 1040 3915 vastosque
1057 3817 1102 3890 ab
1120 3842 1208 3913 rupe
1226 3813 1408 3910 Cyclopas

333 3930 547 4025 Prospicio,
571 3932 806 4026 sonitumque
825 3934 966 4029 pedum
983 3958 1184 4027 vocemque
1201 3930 1378 4005 tremisco.

334 4044 484 4116 Victum
504 4044 705 4136 infelicem,
726 4046 829 4122 bacas
847 4049 1081 4145 lapidosaque
1100 4072 1231 4138 corna,

332 4159 431 4231 Dant
447 4162 560 4252 rami,
582 4179 618 4233 et
635 4163 746 4236 volsis
766 4183 917 4258 pascunt
933 4164 1111 4237 radicibus
1128 4160 1268 4243 herbae,

332 4274 469 4345 Omnia
488 4278 730 4368 conlustrans,
751 4278 841 4351 hanc
856 4280 1020 4374 primurn
1038 4279 1083 4351 ad
1103 4280 1207 4352 litora
1226 4279 1375 4351 classem
1481 4354 1485 4371 ,

332 4387 518 4485 Conspexi
535 4392 749 4466 venientem.
788 4394 871 4466 huic
888 4420 971 4486 me,
996 4419 1246 4490 quaecumque
1264 4392 1416 4489 fuisset,

331 4502 466 4603 Addixi
489 4535 496 4576 :
527 4510 608 4580 satis
627 4526 680 4581 est
696 4527 843 4607 gentem
863 4509 1025 4611 effugisse
1044 4509 1248 4585 nefandam.
1412 4490 1417 4499 ⁴

332 4615 414 4693 Vos
431 4621 589 4695 animam
607 4624 699 4696 hanc
717 4626 842 4720 potius
860 4649 1095 4722 quocumque
1112 4625 1287 4701 absumite
1306 4626 1391 4697 leto.
