3750 6217
291 779 371 852 arb
497 771 943 854 AENEIDOS
1000 779 1047 851 V.
1106 803 1140 868 v,
1187 803 1281 875 391,

286 942 396 1019 Dona
412 944 538 1030 sines?
568 944 631 1024 ubi
651 967 746 1014 nunc
764 943 871 1014 nobis
890 944 980 1016 deus
1000 944 1081 1033 ille,
1102 943 1269 1042 magister

286 1057 547 1153 Nequidquam
568 1079 787 1142 memoratus
805 1060 899 1153 Eryx
921 1063 936 1130 ?
967 1061 1030 1132 ubi
1047 1060 1142 1132 fama
1159 1084 1222 1155 per
1242 1084 1393 1136 ornnem

287 1172 532 1264 Trinacriam,
555 1194 590 1246 et
610 1177 727 1268 spolia
746 1178 806 1246 illa
826 1178 896 1247 tuis
916 1177 1111 1272 pendentia
1131 1176 1263 1248 tectis?

285 1289 356 1370 Ille
376 1288 443 1360 sub
459 1292 544 1370 haec
565 1319 574 1360 ι
603 1291 690 1362 Non
710 1292 824 1363 laudis
843 1318 967 1382 arnor,
995 1317 1061 1363 nec
1078 1292 1188 1391 gloria
1206 1291 1309 1366 cessit

286 1405 395 1489 Pulsa
414 1425 513 1479 metu
532 1438 540 1485 ;
564 1407 627 1479 sed
647 1408 745 1479 enirn
763 1408 902 1506 gelidus
921 1408 1079 1479 tardante
1098 1425 1238 1480 senecta

286 1517 434 1618 Sanguis
451 1522 575 1610 hebet,
598 1523 796 1622 frigentque
815 1523 936 1600 elletae
958 1525 995 1593 in
1013 1549 1162 1618 corpore
1178 1523 1276 1598 vires

286 1635 322 1706 Si
343 1634 451 1726 mihi,
475 1662 566 1730 quac
588 1640 777 1731 quondam
797 1638 925 1727 fuerat,
946 1665 1091 1733 quaque
1111 1638 1287 1734 inprobus
1308 1641 1372 1714 iste

287 1752 450 1824 Exsultat
468 1752 607 1842 fidens,
629 1756 659 1826 si
680 1779 777 1826 nunc
793 1754 884 1840 foret
903 1755 964 1824 illa
977 1756 1159 1852 juventas:

285 1866 396 1956 Haud
414 1869 587 1961 equidem
607 1871 722 1966 pretio
743 1871 908 1948 inductus
926 1871 1151 1965 pulchroque
1166 1872 1322 1969 juvenco

286 1983 480 2057 Venissem
502 2012 510 2053 ε
540 2011 605 2057 nec
626 1987 724 2056 dona
744 2011 874 2066 moror.
916 1987 966 2060 sic
984 1986 1114 2056 deinde
1133 1986 1293 2085 locutus,

285 2100 333 2172 In
351 2101 514 2173 medium
533 2103 698 2199 geminos
719 2102 856 2172 inmani
877 2102 1036 2194 pondere
1058 2120 1173 2173 cestus

204 2245 206 2250 ¹
286 2215 464 2313 Projecit;
490 2216 623 2309 quibus
641 2241 716 2290 acer
735 2217 829 2312 Eryx
848 2218 885 2286 in
905 2218 1040 2311 proelia
1062 2236 1181 2288 suetus

286 2331 390 2402 Ferre
406 2356 577 2421 manum,
597 2332 762 2425 duroque
782 2331 962 2402 intendere
983 2333 1119 2403 brachia
1138 2351 1249 2431 tergo,

286 2447 515 2541 Obstupuere
532 2449 654 2529 animi.
690 2466 871 2523 tantorum
891 2448 1048 2545 ingentia
1066 2467 1205 2543 septem

285 2563 402 2662 Terga
419 2562 535 2634 boum
553 2564 709 2658 plumbo
729 2564 850 2636 insuto
871 2563 1034 2656 ferroque
1053 2564 1224 2661 rigebant

285 2675 381 2750 Ante
403 2679 523 2751 omnis
544 2699 663 2775 stupet
682 2682 758 2775 ipse
776 2678 907 2769 Dares,
932 2682 1113 2778 longeque
1133 2697 1290 2764 recusata

284 2794 613 2894 Magnanimusque
631 2793 861 2871 Anchisiades
878 2813 914 2868 et
931 2794 1080 2889 pondus
1101 2815 1136 2867 et
1153 2794 1232 2890 ipsa

285 2909 369 2981 Huc
387 2911 474 2994 illuc
492 2911 694 2997 vinclorum
712 2912 875 2994 inmensa
891 2913 1079 2988 volumina
1095 2929 1216 2986 versat.

284 3024 384 3096 Tum
406 3028 525 3099 senior
543 3029 619 3098 talis
639 3026 807 3113 referebat
824 3045 968 3121 pec-tore
986 3052 1116 3114 uoces:¹

285 3141 411 3246 Quid,
432 3144 461 3216 si
481 3145 563 3236 quis
580 3161 695 3239 cestus
713 3144 826 3238 ipsius
844 3162 879 3214 et
897 3143 1058 3225 Herculis
1078 3169 1174 3223 anna

284 3256 466 3346 Vidisset,
485 3260 694 3349 tristemque
712 3261 782 3329 hoc
802 3260 883 3351 ipso
905 3260 943 3329 in
961 3261 1064 3333 litore
1082 3262 1274 3358 pugnarn?

284 3372 383 3444 Haec
402 3397 590 3468 germanus
610 3372 703 3465 Eryx
721 3374 908 3465 quondam
929 3393 1012 3446 tuus
1030 3399 1125 3451 arma
1144 3376 1292 3470 gerebat

283 3487 463 3584 Sanguine
483 3487 593 3557 cernis
613 3487 729 3565 adbuc
747 3486 931 3581 fractoque
951 3490 1079 3558 infecta
1096 3490 1249 3573 cerebro.¹

283 3603 351 3690 His
368 3626 543 3698 magnum
563 3599 713 3671 Alciden
734 3621 855 3681 contra
875 3604 969 3674 stetit
991 3631 998 3670 ε
1027 3605 1082 3673 his
1100 3629 1165 3699 ego
1187 3611 1331 3686 suetub;

283 3719 386 3790 Dum
406 3718 536 3790 melior
553 3717 641 3788 vires
661 3717 802 3814 sanguis
822 3718 950 3807 dabat,
975 3721 1115 3790 aemula
1134 3719 1292 3792 necdum

282 3833 527 3930 Temporibus
545 3833 697 3933 geminis
717 3833 863 3903 canebat
882 3859 999 3928 sparsa
1019 3855 1188 3906 senectus

281 3949 370 4040 Sed,
393 3950 421 4022 si
441 3968 558 4023 nostra
579 3949 689 4021 Dares
709 3950 794 4022 haec
813 3950 946 4036 Troius
965 3976 1060 4039 arma
1078 3973 1232 4042 recusat,

283 4067 401 4160 quue
419 4066 483 4161 pio
505 4066 602 4138 sedet
620 4066 780 4157 Aeneae,
804 4066 932 4161 probat
952 4086 1073 4149 auctor
1090 4066 1254 4148 Acesten

281 4179 490 4275 Aequemus
508 4205 656 4279 pugnas.
698 4181 816 4277 Erycis
837 4183 903 4253 tibi
920 4203 1015 4281 terga
1034 4184 1176 4254 remitto
1194 4214 1203 4268 ².

271 4294 388 4392 ‘Solve
408 4314 547 4385 metus,
568 4316 604 4370 et
619 4316 659 4369 tn
678 4298 859 4372 Troianos
880 4324 967 4371 exue
986 4319 1110 4382 cestus

248 4401 269 4518 (f
280 4410 380 4484 Haec
398 4409 510 4502 fatus,
529 4412 715 4506 duplicem
736 4439 780 4496 aar
800 4415 957 4491 humeris
974 4418 1092 4511 rejecit
1112 4416 1304 4512 amictum,

250 4523 254 4549 ‘
279 4527 325 4609 Et
339 4551 490 4625 magnos
508 4528 755 4601 membrorum
774 4547 886 4617 artus,
908 4554 1035 4627 magna
1055 4553 1152 4619 ossa,
1170 4532 1389 4625 lacertosque

278 4642 407 4758 liquit,
426 4660 532 4750 atque
552 4645 678 4746 ingens
695 4644 815 4738 media
835 4645 997 4736 consistit
1013 4668 1131 4737 arena,
