3750 6217
370 765 450 835 324
564 731 1010 814 AENEIDOS
1076 741 1154 812 IX.
1211 767 1245 813 v.
1294 764 1387 838 490.-

369 906 483 1004 figite
500 929 584 994 me,
607 906 635 976 si
657 929 727 997 qua
749 923 800 976 est
816 905 949 999 pietas;
972 906 1010 974 in
1028 930 1088 975 me
1107 906 1232 976 omnia
1253 905 1324 974 tela

371 1021 569 1118 Conjicite,
592 1045 614 1089 o
635 1021 780 1098 Rumli;
804 1045 865 1089 me
884 1021 1039 1115 primam
1059 1020 1234 1093 absumite
1255 1018 1366 1089 leno:

370 1137 444 1207 Aut
462 1159 524 1224 tu,
551 1160 680 1233 magne
701 1155 800 1229 pater
819 1135 968 1225 divom,
993 1136 1179 1226 miserere,
1205 1153 1345 1227 tuoque

372 1253 535 1323 Invisum
554 1253 624 1321 boc
642 1250 790 1322 detrude
812 1271 919 1345 caput
942 1252 1009 1322 sub
1029 1251 1170 1322 Tartara
1190 1252 1287 1323 telo:
1388 1327 1390 1332 ,

371 1368 533 1471 Quando
555 1367 654 1435 aliter
670 1390 815 1458 nequeo
836 1367 1018 1438 crudelem
1038 1366 1247 1461 abmmpere
1265 1364 1387 1435 vitam.

433 1482 516 1551 Hoc
536 1481 621 1552 lletu
639 1484 804 1552 concussi
825 1482 959 1570 animi,
986 1505 1213 1574 maestusque
1234 1506 1298 1574 per
1319 1478 1442 1552 omnis

374 1597 412 1668 lt
432 1598 584 1695 gemitus
604 1626 613 1665 z
642 1615 784 1691 torpent
802 1598 967 1669 infractae
987 1599 1032 1667 ad
1050 1599 1187 1692 proelia
1204 1597 1303 1668 vires

373 1711 483 1782 Illam
504 1713 757 1782 incendentem
777 1716 893 1783 luctus
910 1714 1037 1784 ldaeus
1058 1731 1093 1784 et
1113 1713 1244 1800 Actor,

377 1829 509 1900 Ilionei
534 1828 700 1920 monitu,
728 1846 764 1898 et
786 1831 944 1899 multum
969 1829 1183 1900 lacrimantis
1207 1828 1298 1915 liili,

378 1945 623 2038 Conripiunt,
646 1943 808 2035 interque
829 1968 959 2014 manus
983 1944 1158 2014 subrecta
1181 1958 1372 2036 reponunt.

434 2059 483 2129 At
505 2058 592 2128 tuba
614 2058 806 2128 terribilem
826 2059 988 2130 sonitum
1009 2061 1135 2153 procul
1157 2085 1233 2129 aere
1256 2081 1388 2128 canoto

375 2174 587 2268 Increpuit:
617 2174 776 2265 sequitur
797 2175 955 2261 clamor,
978 2175 1195 2266 coelumque
1212 2173 1373 2271 remugit

376 2291 589 2363 Adcelerant
609 2307 683 2357 acta
698 2290 826 2382 pariter
844 2289 1023 2359 testudine
1041 2288 1167 2360 Volsci
1185 2321 1193 2368 ;

376 2405 554 2478 Et·sossas
571 2405 707 2497 inplere
726 2425 871 2497 parant,
893 2428 933 2475 ac
950 2406 1077 2475 vellere
1095 2407 1241 2475 vallum.

379 2522 567 2625 Quaemnt
590 2544 671 2613 pars
687 2520 849 2607 aditum,
873 2537 908 2589 et
926 2522 1028 2593 scalis
1047 2520 1426 2601 adscendere‚m1uos;
1490 2507 1506 2520 ”

378 2637 461 2740 Qua
480 2661 551 2705 rara
568 2656 621 2706 est
639 2635 754 2720 acies,
777 2637 1032 2728 interlucetque
1053 2659 1187 2706 corona

376 2753 465 2823 Non
486 2771 561 2821 tam
583 2750 694 2844 spissa
712 2750 803 2821 viris.
841 2752 998 2821 telorum
1024 2750 1202 2821 effundere
1224 2765 1348 2822 contra

378 2869 502 2939 Omne
523 2890 634 2963 genus
655 2865 803 2953 Teucri,
824 2891 865 2936 ac
885 2866 981 2937 duris
999 2866 1183 2937 detnrdere
1201 2867 1338 2956 contis„

378 2983 530 3053 Adsueti
551 2982 662 3079 longo
685 3005 808 3074 muros
826 2981 1016 3053 defendere
1037 2982 1147 3052 bel-lo.

377 3096 466 3169 Saxa
486 3119 634 3189 quoque
653 3095 781 3167 infesto
801 3097 997 3168 volvebant
1014 3098 1194 3193 pondere,
1219 3097 1248 3168 si
1270 3121 1341 3189 qua

378 3213 531 3283 Possent
550 3203 681 3281 sectam
708 3211 820 3280 aciem
841 3236 1095 3306 perrumpere:
1125 3238 1241 3305 quom
1264 3231 1386 3284 tamen
1408 3214 1538 3290 omnis

379 3327 481 3397 Ferre
496 3330 597 3422 juvat
616 3324 735 3395 subter
757 3326 866 3397 densa
889 3329 1067 3398 testudine
1091 3353 1199 3398 casus.

379 3442 456 3511 Nec
470 3445 547 3538 jam
567 3439 754 3511 sufficiunt
792 3466 898 3530 nam,
920 3466 992 3534 qua
1012 3444 1142 3539 globus
1162 3445 1318 3514 inminet
1337 3446 1486 3542 ingena,

385 3558 578 3628 Inmanem
598 3552 726 3625 Teucri
746 3558 886 3626 molem
902 3559 1127 3651 volvuntque
1147 3578 1351 3652 ruuntque:

381 3671 486 3776 Quae
510 3671 627 3742 stravit
643 3670 797 3743 Rutulos
818 3673 908 3760 late,
932 3699 1189 3784 armerumque
1208 3675 1353 3745 resolvit

382 3787 569 3886 Tegmina.
611 3812 676 3858 nec
697 3808 818 3859 curant
838 3813 942 3859 caeco
964 3790 1178 3860 contendere
1199 3788 1310 3862 Marte

380 3902 549 3999 Amplius
568 3904 717 3975 audaces
738 3902 886 3994 Rutuli,
914 3905 980 3976 sed
999 3906 1131 4000 pellere
1150 3905 1246 3980 vallo

381 4018 577 4090 Missilibus
600 4034 740 4092 certant.

383 4133 483 4224 Parte
502 4134 569 4202 alia
590 4133 786 4206 horrendus
803 4136 881 4206 visu
903 4135 1093 4228 quassabat
1111 4136 1298 4216 Etruscam

384 4249 540 4346 Pinum,
564 4267 599 4320 et
619 4246 807 4320 fumiferos
829 4248 932 4321 infert
955 4251 1149 4324 Mezentius
1167 4253 1268 4349 ignis.

383 4364 431 4434 At
451 4363 639 4456 Messapus
662 4361 798 4456 equom
825 4365 1007 4456 domitor,
1033 4367 1217 4462 Neptunia
1239 4370 1380 4462 proles,

381 4478 567 4564 Rescindis
586 4481 752 4567 vallum,
776 4499 811 4550 et
834 4482 942 4551 scalas
961 4482 1000 4553 in
1020 4484 1169 4557 moenia,
1185 4484 1312 4577 poscit

441 4593 545 4687 VOS,
571 4621 600 4678 0.
619 4595 807 4689 Calliope,
832 4622 979 4692 precor,
998 4596 1171 4693 adspirate
1196 4599 1362 4679 canenti;
