3750 6217
719 670 874 740 140
1151 641 2671 739 AENE1D05.11.v.94.

708 811 783 883 Si
819 812 1088 907 patrios
1124 833 1478 902 umquam
1519 832 1943 883 remeassem
1983 805 2207 889 victor
2245 807 2337 879 ad
2368 805 2635 907 ArgoS,

711 926 1018 998 Promisi
1057 926 1365 995 ultorem
1413 951 1428 991 ε
1491 943 1561 996 et
1594 924 1824 993 verbis
1873 921 2041 992 odia
2080 946 2321 1016 aspera
2358 922 2582 995 movi.

706 1042 901 1114 Hinc
941 1039 1122 1111 mihi
1162 1040 1392 1133 prima
1431 1040 1606 1109 mali
1643 1037 1835 1109 labes
1884 1064 1899 1105 ε
1957 1036 2125 1107 hinc
2167 1020 2447 1134 semper
2479 1036 2729 1112 Ulixes

709 1155 1154 1227 Criminibus
1196 1172 1441 1225 terrere
1484 1155 1689 1227 novis
1730 1180 1746 1224 ε
1803 1153 1972 1228 hinc
2017 1178 2332 1251 spargere
2372 1178 2586 1227 voces

704 1273 796 1347 In
834 1272 1134 1369 volgum
1176 1269 1548 1368 ambiguas
1581 1325 1602 1359 ,
1650 1288 1722 1341 et
1760 1293 2087 1362 quaerere
2126 1270 2454 1341 conscius
2488 1294 2699 1343 arma.

704 1387 858 1457 Nec
899 1385 1246 1478 requievit
1280 1386 1475 1455 enirn
1507 1441 1527 1474 ‚
1577 1385 1811 1456 donec
1852 1382 2236 1455 Calchante
2270 1384 2597 1456 ministro
2645 1428 2751 1459 —·.-

705 1500 846 1573 Sed
889 1500 1066 1594 quid
1105 1525 1236 1598 ego
1277 1501 1449 1575 haec
1491 1519 1734 1573 autem
1773 1500 2277 1593 nequidquam
2315 1500 2579 1597 ingrata
2612 1500 2907 1587 revolvo
2940 1500 2979 1587 ἶ

710 1614 1001 1721 Quidve
1036 1640 1286 1687 moror
1331 1616 1364 1687 ?
1425 1616 1481 1686 si
1520 1615 1757 1687 omnis
1791 1639 1943 1684 uno
1996 1614 2246 1685 ordine
2285 1614 2559 1689 habetis
2596 1612 2913 1699 Achivos
2936 1668 2965 1709 ‚

707 1733 948 1825 quue
986 1731 1226 1801 audire
1263 1748 1366 1802 sat
1401 1750 1504 1803 est
1541 1763 1557 1810 ;
1608 1729 2049 1829 jamdudum
2092 1731 2350 1801 sumite
2389 1753 2679 1823 poenas,

705 1847 873 1925 Hoc
911 1847 1195 1918 Ithacus
1231 1845 1406 1916 velit
1428 1901 1449 1935 ,
1492 1867 1563 1917 et
1597 1869 1864 1943 magno
1905 1863 2303 1916 mercentur
2343 1845 2647 1916 Atridae.

822 1962 1026 2053 Tum
1062 1985 1227 2032 vero
1265 1960 1592 2033 ardemus
1637 1960 1862 2033 scitari
1908 1979 1979 2034 et
2022 1985 2350 2055 quaerere
2385 1984 2657 2041 caussas
2679 2013 2704 2051 ‚

705 2077 943 2178 Ignari
986 2078 1330 2149 scelerum
1369 2096 1732 2148 tantorum
1771 2077 2079 2170 artisque
2114 2076 2461 2174 Pelasgae,

711 2192 1174 2286 Prosequitur
1211 2192 1566 2286 pavitans,
1607 2210 1678 2263 et
1711 2190 1880 2267 ficto
1920 2210 2206 2285 pectore
2249 2189 2452 2276 fatum,

824 2306 1047 2402 Saepe
1087 2305 1330 2404 fugam
1366 2307 1595 2382 Danai
1632 2306 1848 2377 Troia
1883 2307 2166 2401 cupiere
2202 2307 2441 2387 relicta

705 2423 954 2494 Moliri
991 2475 1012 2512 ‚
1060 2440 1130 2493 et
1167 2424 1392 2521 longo
1441 2420 1603 2494 fessi
1640 2421 1996 2494 discedere
2032 2422 2253 2503 bello.

705 2538 1212 2631 Fecissentque
1247 2539 1524 2610 utinam
1567 2539 1581 2606 !
1643 2563 1852 2632 saepe
1892 2538 2058 2611 illos
2096 2564 2337 2633 aspera
2369 2538 2581 2633 ponti

708 2652 1116 2725 Interclusit
1151 2653 1423 2743 hiems,
1469 2670 1539 2725 et
1576 2655 1816 2729 terruit
1849 2652 2105 2726 Auster
2142 2654 2394 2733 euntis.

707 2768 1095 2862 Praecipue
1121 2824 1143 2857 ‚
1171 2793 1422 2863 :quom
1448 2771 1605 2868 jam
1637 2769 1752 2840 hic
1785 2769 2106 2843 trabibus
2142 2788 2519 2854 contextus
2553 2770 2827 2852 acernis

707 2882 929 2955 Staret
971 2909 1199 2977 equus
1227 2939 1247 2975 ,
1302 2902 1461 2957 toto
1510 2903 1901 2957 sonuerunt
1948 2887 2221 2958 aethere
2261 2886 2517 2961 nimbi.

708 2998 1043 3093 Suspensi
1096 2999 1550 3097 Eurypylum
1599 3000 1931 3077 scitatum
1978 3004 2258 3081 oracula
2293 3001 2570 3077 Phoebi

706 3112 1072 3185 Mittimus
1102 3168 1124 3204 ‚
1178 3115 1385 3210 isque
1431 3116 1661 3211 adytis
1698 3118 1869 3193 haec
1913 3119 2133 3190 tristia
2180 3118 2367 3197 dicta
2404 3133 2738 3215 reportat,¹

711 3267 761 3303 υ,
788 3226 1144 3325 Sanguine
1183 3231 1511 3324 placastis
1546 3251 1800 3304 ventos
1822 3287 1843 3320 ‚
1899 3250 1970 3303 et
2007 3234 2276 3334 virgine
2316 3258 2552 3325 caesa,

711 3382 762 3421 ῃ
797 3340 1054 3447 Quom
1090 3344 1414 3438 primum
1465 3345 1712 3418 Iliacas
1760 3346 1994 3421 Danai
2027 3350 2317 3428 venistis
2354 3348 2446 3421 ad
2488 3374 2682 3433 oras:

712 3497 761 3537 ,ι
793 3456 1149 3556 Sanguine
1188 3460 1576 3552 quaerendi
1622 3462 1889 3534 reditus
1911 3516 1931 3551 ‚
1977 3465 2364 3559 animaque
2407 3464 2765 3547 litandum

712 3612 761 3645 φ,
796 3570 1144 3673 Argolica.
1184 3614 1232 3647 ῃ
1307 3576 1504 3674 volgi
1541 3601 1727 3671 quae
1772 3602 1919 3672 vox
1957 3598 2040 3652 ut
2073 3581 2270 3659 venit
2312 3579 2403 3673 ad
2433 3579 2634 3667 auris
2659 3632 2685 3667 ,

710 3689 1168 3785 Obstupuere
1209 3692 1433 3763 animi
1468 3747 1488 3782 ,
1531 3692 1952 3791 gelidusque
1987 3721 2115 3789 per
2150 3698 2295 3780 ima
2330 3696 2630 3781 cucurrit

681 3804 894 3893 ,Ossa
929 3823 1194 3884 tremor.
1225 3839 1243 3888 3
1282 3808 1397 3879 cui
1433 3805 1572 3879 fata
1604 3828 1854 3903 parent
1884 3864 1905 3900 ‚
1959 3836 2181 3905 quem
2216 3830 2467 3906 poscat
2504 3811 2807 3907 Apollo:
