3750 6217
354 787 431 838 wa
558 737 1341 844 ntnrrnoSV.u5m

351 919 513 1025 Augurio
534 941 749 995 monstrum.
786 918 910 991 docuit
929 937 1014 1014 post
1034 918 1150 990 exitus
1171 918 1317 1014 ingens}

352 1041 507 1135 Seraque
526 1038 664 1112 terrifici
684 1036 887 1107 cecinerunt
906 1034 1031 1106 omina
1047 1050 1153 1106 vates.

354 1151 524 1250 Namque
541 1144 667 1225 volans
686 1149 835 1243 liquidis
854 1150 892 1220 in
909 1143 1071 1221 nubibus
1090 1150 1172 1221 arsit
1190 1144 1351 1236 anindo5

353 1269 587 1370 Signavitque
606 1255 703 1337 viam
724 1256 903 1353 flammis,
925 1264 1117 1358 tenuisque
1135 1262 1274 1335 recessit

355 1386 557 1456 Consumto
579 1385 617 1453 in
634 1401 761 1480 ventos
786 1395 794 1448 ὲ
824 1381 927 1452 coelo
949 1405 1014 1450 ceu
1034 1405 1139 1473 saepe
1157 1377 1263 1449 relisa

355 1485 637 1589 Transcnrmnt‚
666 1498 872 1588 crinemque
892 1496 1051 1566 volantia
1071 1494 1181 1566 sidera
1203 1495 1350 1566 ducunt.-

354 1607 540 1686 Adtonitis
555 1613 696 1684 haesere
716 1611 868 1702 animis,
889 1636 1110 1704 superosque
1127 1609 1260 1704 precati

355 1727 527 1800 Trinacrii
547 1721 751 1820 Teucrique
768 1721 833 1796 viri
856 1756 864 1794 :
894 1751 960 1797 nec
981 1741 1174 1796 maxumus
1194 1732 1306 1794 omerl

356 1843 497 1915 Abnuit
515 1830 674 1922 Aeneas:
697 1840 759 1915 sed
778 1844 911 1912 laetum
929 1837 1117 1936 amplexus
1137 1839 1288 1911 Acesten

357 1949 569 2030 Muneribus
588 1962 749 2030 cumulat
770 1958 931 2056 magnis,
954 1983 994 2028 ac
1014 1958 1097 2028 talia
1116 1955 1228 2026 saturz

358 2065 486 2164 Sume,
509 2091 608 2167 pater
633 2089 641 2142 ὲ
671 2093 756 2145 narn
776 2085 811 2145 te
830 2073 948 2143 voluit
966 2091 1027 2142 rex
1045 2091 1197 2168 magnus
1219 2067 1372 2165 Olympi

358 2187 512 2260 Talibus
529 2186 697 2281 auspiciis
717 2207 892 2260 exsortem
912 2187 1040 2257 ducere
1059 2177 1225 2256 honores.

360 2301 481 2399 Ipsius
500 2299 674 2374 Anchisae
693 2302 857 2400 longaevi
875 2302 946 2372 hoc
964 2326 1099 2402 munus
1117 2299 1284 2389 habebis,

361 2419 501 2490 Cratera
519 2419 720 2513 inpressum
744 2405 881 2516 signis:
911 2442 1021 2510 quem
1039 2413 1211 2488 Thracius
1232 2416 1323 2487 olirn'

361 2534 537 2606 Anchisae
557 2521 707 2631 genitori
728 2535 765 2603 in
783 2549 916 2632 magno
937 2557 1085 2603 munere
1104 2531 1245 2602 Cisseus

360 2649 392 2722 F
393 2673 465 2718 erre
483 2649 538 2721 sui
559 2641 701 2721 dederat
722 2663 1007 2720 monumentum
1028 2657 1064 2721 et
1083 2647 1214 2744 pignus
1231 2646 1373 2718 amoris:

362 2757 419 2835 Sic
442 2764 533 2836 fatus
552 2764 663 2861 cingit
680 2762 845 2834 viridanti
864 2782 1029 2858 tempora
1048 2766 1168 2833 lauro:

363 2879 409 2950 Et
427 2879 584 2973 primum
603 2898 682 2950 ante
703 2880 824 2951 omnls
840 2880 1013 2950 victorem
1032 2875 1188 2975 adpellat
1206 2875 1369 2949 Acestem

362 2993 439 3066 Nec
460 2997 580 3066 honus
600 2990 772 3091 Eurytion
790 2995 946 3090 praelato
966 2995 1095 3068 invidit
1112 2993 1244 3064 honori
1255 3021 1265 3072 ς

364 3109 541 3213 Quamvis
562 3112 660 3182 solus
680 3136 781 3182 avem
799 3114 903 3183 coelo
924 3103 1051 3208 dejecit
1067 3111 1113 3181 ab
1133 3111 1217 3181 alto.

364 3205 568 3296 Proxumus
586 3215 777 3321 ingreditur
797 3223 923 3313 donis,
947 3228 1010 3320 qui
1031 3226 1175 3297 vincula
1195 3223 1313 3318 rupit!

364 3336 574 3425 ExtremuS,
596 3339 731 3409 volucri
751 3340 814 3432 qui
835 3340 913 3411 snrit
929 3329 1101 3411 arundine
1120 3342 1270 3410 malum.

422 3450 470 3520 At
490 3467 588 3543 pater
605 3451 760 3542 Aeneas,
784 3455 951 3522 nondum
972 3456 1162 3525 certamine
1180 3442 1317 3540 misso,-

366 3557 566 3636 Custodem
585 3565 630 3635 ad
651 3589 725 3637 sese
745 3569 991 3660 comitemque
1007 3569 1155 3662 inpubis
1176 3563 1247 3636 lnli

367 3679 548 3774 Epytiden
566 3700 690 3769 vocat,
713 3701 748 3753 et
767 3682 876 3751 fidam
898 3683 947 3752 sic
967 3681 1057 3753 fatur
1078 3684 1122 3753 ad
1142 3703 1284 3753 autema

368 3793 471 3868 Vade
492 3818 577 3894 age,
606 3816 641 3868 et
659 3796 837 3886 Ascanio,
863 3798 891 3868 si
907 3799 984 3893 jam
1004 3799 1140 3891 puerile
1158 3808 1319 3893 paratum

367 3905 508 4009 Agauen
528 3907 635 3985 habet
652 3938 797 4002 secum,
822 3935 1015 4006 cursusque
1035 3910 1197 3985 instruxit
1215 3929 1410 4007 equorum,-

368 4025 485 4097 Ducat
502 4042 567 4098 aro
587 4048 741 4116 tunnas,
764 4047 799 4098 et
819 4053 893 4100 sese
911 4028 1075 4099 ostendat
1094 4031 1132 4100 in
1150 4031 1276 4118 annis,

368 4137 461 4230 Dic,
484 4143 542 4211 ai't.
583 4143 660 4235 ipse
683 4167 833 4212 omnem
854 4145 965 4241 longo
987 4144 1154 4217 decedere
1172 4147 1264 4217 circo

368 4253 534 4326 Infusum
556 4253 762 4350 populum,
790 4278 825 4330 et
843 4281 992 4354 campos
1005 4261 1110 4358 jubet
1128 4288 1201 4334 esse
1219 4261 1382 4355 patentis.¹

369 4368 546 4441 Incedunt
565 4373 684 4466 pueri,
709 4375 907 4468 pariterque
924 4394 1005 4447 ante
1026 4401 1085 4447 ora
1101 4394 1290 4472 parentum

368 4482 524 4556 Frenatis
545 4488 664 4559 lucent
685 4490 720 4557 in
739 4493 841 4584 equis
862 4519 870 4560 ε
901 4515 995 4585 quos
1016 4495 1136 4564 omnis
1155 4511 1278 4561 euntes

366 4597 565 4674 Trinacriae
586 4604 711 4676 mirata
730 4605 848 4680 fremit
868 4605 1071 4703 Troiaeque
1085 4611 1265 4708 juventus
