3750 6217
373 725 448 799 m
547 685 993 783 Aruernos
1050 687 1163 778 vla.
1224 729 1258 775 e
1305 693 1403 796 35ss

369 878 485 948 Multa
502 897 606 969 super
624 892 705 944 nata
722 874 908 945 lacrimaris
930 870 1162 968 Phrygiisque
1180 867 1407 963 hymenaeis!

430 990 671 1062 Exsulibusne
690 981 792 1060 'datur
813 986 977 1058 ducenda
1000 986 1146 1056 La'vi‘nia
1167 985 1336 1072 Teucris,

374 1086 566 1205 Ogenitor
592 1105 607 1173 ?
638 1128 703 1175 nec
721 1124 755 1175 te
772 1104 914 1174 miseret
936 1117 1154 1199 gnataeque,
1178 1100 1335 1192 tuique?

374 1223 450 1293 Nec
475 1219 596 1290 matris
619 1219 780 1308 miseret,
802 1232 914 1313 quarn
933 1218 1053 1312 'primo
1072 1215 1255 1308 A'quilone
1277 1214 1455 1308 relinquet

375 1317 558 1422 Perfidae,
586 1338 655 1406 alta
673 1341 799 1429 p'et'ens
821 1334 973 1403 abducta
993 1332 1150 1430 virgine,
1175 1324 1341 1425 praedo?

376 1454 425 1550 At
449 1475 525 1520 non
548 1450 596 1521 sic
620 1450 791 1548 Phrygius
812 1464 972 1543 penetrat
997 1447 1266 1532 Lacedaemona
1290 1461 1438 1539 pastor,

375 1566 631 1659 Ledaeamque
657 1565 833 1635 Helenam
857 1563 1030 1634 Troidnas
1049 1564 1145 1633 vexit
1165 1563 1210 1631 ad
1228 1561 1341 1631 urbes

377 1677 482 1787 Quid
502 1700 561 1750 tua
585 1687 701 1752 sdncta
724 1681 834 1768 fides,
861 1679 950 1771 quid
976 1693 1057 1748 cura
1080 1679 1226 1770 antiqua
1247 1693 1417 1764 tuorum,

378 1798 425 1867 Et
443 1797 709 1893 consanguineo
730 1795 863 1867 totiens
886 1794 966 1864 data
987 1794 1127 1864 dextera
1147 1794 1272 1863 Turno
1290 1792 1307 1861 ?

379 1912 415 1983 Si
435 1925 539 2010 gener
562 1931 702 1982 externa
725 1907 856 2005 petitur
876 1909 921 1979 d'e
946 1922 1049 2006 gente
1073 1909 1237 1997 Latinis,

380 2027 498 2119 quue
521 2026 640 2114 sedet,
661 2026 847 2117 Faunique
866 2031 1035 2118 pre'muht
1055 2042 1088 2094 te
1100 2029 1197 2123 jussa
1215 2020 1391 2118 parentis}

381 2129 543 2234 'Omnem
571 2140 743 2232 equidem
769 2141 914 2233 sceptris
934 2143 1058 2209 terram
1081 2166 1173 2233 quae
1195 2139 1303 2208 libem
1325 2138 1455 2210 nostris

382 2253 564 2343 Dissidet,
591 2273 771 2324 externam
795 2263 897 2343 reor,
925 2271 960 2324 et
981 2255 1029 2325 sic
1050 2256 1164 2325 dicere
1189 2255 1302 2325 divos.

381 2357 428 2442 Et
445 2369 593 2458 Turno,
618 2370 645 2440 si
665 2370 780 2463 plima
802 2370 935 2441 doinu's
952 2387 1126 2464 repetatur
1141 2370 1266 2466 origo,

383 2484 537 2555 Inachus
555 2484 780 2578 Acrisiusque
796 2492 930 2579 patres,
949 2486 1163 2578 mediaeque
1182 2484 1363 2580 Mycenae:

441 2599 508 2669 His
528 2598 592 2669 ubi
612 2599 860 2694 nequidquam
880 2601 984 2671 dietis
1002 2616 1165 2695 experta,
1194 2602 1362 2672 Latinum

386 2705 520 2786 Contra
539 2734 625 2786 stare
643 2716 756 2805 videt,
782 2717 1001 2810 penitusque
1018 2716 1055 2784 in
1073 2716 1203 2787 viscera
1221 2716 1363 2789 labsum

385 2823 562 2924 Serpentis
579 2829 703 2901 furiale
723 2833 886 2919 malum,
907 2837 1095 2924 colamque
1114 2843 1264 2926 pererrat
1279 2861 1288 2910 ;

386 2945 487 3015 Tum
502 2970 585 3017 vero
605 2944 752 3036 infelix,
775 2946 979 3044 ingentibus
998 2948 1109 3017 ex'cita
1130 2948 1323 3035 monstris,

387 3039 597 3133 inmensam
618 3062 694 3133 sine
715 3070 816 3132 m‘bre
839 3055 922 3132 furit
942 3063 1126 3155 lymphata
1145 3085 1208 3155 per
1229 3053 1378 3134 urbem}

387 3157 465 3245 Ceu
485 3175 672 3267 quondam
688 3185 782 3247 torto
799 3177 954 3247 volitans
977 3177 1042 3247 slrb
1060 3177 1200 3248 verbere
1218 3177 1348 3266 turbo,

389 3287 511 3392 Quem
533 3291 633 3384 pueri
656 3303 788 3389 magno
811 3292 846 3360 ir'r
874 3301 960 3389 gyro'
982 3290 1091 3362 va'cua
1113 3294 1195 3363 atria
1217 3293 1350 3364 circum

391 3399 524 3473 Intenti
541 3403 630 3473 ludo
653 3415 814 3476 exercent
839 3432 845 3473 :
877 3408 936 3477 ille
960 3427 1056 3479 actus
1077 3408 1214 3477 habena

390 3501 551 3588 'curvaris
576 3516 681 3590 fertur
705 3521 855 3613 spatiis:
885 3538 1004 3614 stupet
1029 3523 1138 3594 inscia
1163 3539 1265 3617 supra

391 3619 624 3733 inpubesque
644 3659 793 3725 manus,
815 3636 939 3705 mirata
961 3637 1122 3708 volubile
1144 3638 1308 3708 buxum:

392 3741 487 3818 Dant
512 3749 655 3821 animos
676 3753 809 3847 plagae.
845 3765 920 3820 nou
944 3767 1046 3822 cursu
1070 3755 1209 3850 segnior
1230 3754 1295 3822 illd

392 3864 456 3933 Per
478 3866 615 3936 medias
638 3866 735 3936 urbis
760 3867 874 3963 agitur
893 3867 1126 3960 populosque
1144 3868 1287 3939 feroces.
1339 3952 1341 3955 .

392 3977 494 4085 Quin
520 3981 625 4050 etiarn
648 3980 686 4048 in
707 3981 831 4069 sih-as,¹
859 3981 1026 4052 simulato
1046 3982 1197 4053 humine
1217 3985 1365 4071 Bacchi,

390 4091 507 4190 hlajus
530 4091 651 4164 adorta
674 4093 796 4183 helas,
825 4099 1071 4193 majoremque
1091 4113 1166 4170 orsa
1188 4099 1365 4187 furorem,

392 4206 538 4296 Evolat,
568 4227 601 4278 et
625 4228 744 4279 natam
770 4208 951 4282 frondosis
969 4213 1156 4285 montibus
1179 4214 1304 4291 abdit:

392 4320 479 4426 Quo
501 4324 699 4393 thalamum
722 4324 845 4419 eripiat
867 4326 1036 4414 Teucris,
1063 4330 1252 4421 taedasque
1269 4345 1448 4399 moretu'rt'

392 4434 494 4507 Euoe
516 4438 671 4526 Bacche,
693 4438 869 4529 fremens,
892 4444 1010 4510 solum
1030 4461 1063 4512 te
1081 4444 1214 4540 virgine
1235 4444 1410 4541 dignum,

390 4549 611 4625 l'ociserarrs:
647 4556 782 4625 etenim
801 4556 929 4627 mollis¹
952 4556 1017 4627 tibi
1038 4581 1175 4630 sumere
1195 4559 1354 4652 thyrsos.¹
