3750 6217
415 694 865 787 AENE'IDO'S
923 694 1035 780 Vll.
1095 716 1127 780 tr.
1177 716 1273 802 4575
1373 714 1495 799 275‘

242 878 400 953 Lumine
421 875 593 948 fumantis
613 877 690 949 lixit
710 875 777 949 sub
794 898 936 971 pectore
957 876 1086 948 taedas.

243 996 322 1067 Olli
343 1010 517 1066 somnum
538 993 663 1092 ingens
682 991 819 1087 'rumpit
839 1014 970 1086 pavor,
995 994 1145 1085 ossaque
1162 1002 1196 1062 et
1216 1002 1310 1064 artus
1411 1008 1428 1013 ’“

244 1109 431 1182 Perfundit
448 1125 528 1179 toto
549 1123 744 1203 proruptus
763 1124 913 1202 corpore
933 1105 1049 1181 sudor.

244 1223 353 1298 Arma
373 1249 495 1294 amens
515 1223 660 1303 fremit3
683 1248 780 1293 arma
797 1240 877 1294 toro
896 1223 1068 1315 tectisque
1086 1223 1241 1317 requirit.

244 1334 361 1413 Saevit
381 1338 602 1428 moriem,
626 1359 660 1409 et
679 1341 842 1410 scelerata
862 1339 998 1409 insania
1017 1338 1100 1408 belli
1119 1340 1126 1406 ':

247 1457 303 1527 Ira
322 1480 450 1551 super;
475 1477 608 1551 magno
633 1445 743 1525 tieluti
766 1475 881 1546 quom
901 1452 1048 1523 flamma
1069 1475 1198 1526 sonore

247 1564 379 1671 Virgea
398 1570 590 1669 suggeritur
606 1571 713 1641 costis
733 1569 901 1640 undantis
921 1567 1047 1659 aheni,

248 1688 511 1779 Exsultantque
529 1706 627 1756 aestu
646 1687 787 1766 laticesss
812 1685 895 1755 furit
912 1685 1009 1755 intus
1027 1688 1134 1778 aquai

247 1789 424 1873 Fumidus
442 1820 550 1893 atque
568 1804 638 1872 alte
657 1800 796 1895 spumis
813 1794 981 1871 exuberat
1000 1801 1138 1871 amnist

249 1900 327 1989 Nec
340 1919 417 2014 jam
436 1940 472 1986 se
492 1914 588 2008 capi't
605 1919 724 1994 urida;
749 1917 849 1986 volat
866 1940 979 2017 vapor
1002 1935 1073 1986 ater
1093 1916 1138 1986 ad
1161 1935 1270 1988 auras

250 2032 343 2130 Ergo
366 2033 429 2104 iter
452 2029 498 2100 ad
517 2055 635 2129 regern
656 2012 797 2127 polluta
817 2050 903 2125 pace
925 2027 1095 2101 Latinum

251 2140 386 2219 Indicit
404 2146 530 2241 primis
544 2150 738 2245 juvenum,
764 2166 798 2217 et
812 2147 916 2242 jubet
935 2171 1030 2215 arma
1050 2147 1182 2239 parari,

250 2252 375 2336 Tutari
398 2262 565 2352 ltaliam,
593 2253 776 2333 detrudere
800 2261 932 2333 finibus
951 2263 1113 2333 hostem:

250 2378 295 2452 Se
315 2379 397 2453 satis
416 2368 596 2449 ambobus
613 2374 832 2471 Teucrisque
852 2377 970 2447 venire
992 2377 1210 2470 Latinisque.

251 2495 349 2566 Haec
368 2483 433 2564 ubi
451 2488 544 2564 dicta
564 2481 683 2583 dedit,
707 2493 884 2586 divosque
904 2493 943 2561 in
963 2511 1048 2563 vota
1069 2494 1233 2572 vocavite¹

253 2610 423 2682 Certatim
448 2634 522 2680 sese
544 2598 670 2681 Rutuli
690 2604 916 2679 exhortantur
940 2607 976 2676 in
1001 2628 1106 2678 arma.

254 2726 362 2796 Hunc
383 2724 491 2796 decus
510 2726 690 2824 egregium
712 2716 850 2795 formae
864 2741 989 2793 movet
1008 2740 1116 2815 atque
1133 2718 1329 2822 juventae:

254 2841 362 2912 Hunc
384 2840 476 2910 atavi
498 2864 618 2938 reges;
639 2830 736 2911 hunc
754 2825 854 2910 claris
873 2828 1014 2908 dextera
1037 2828 1145 2908 factis.
1220 2848 1224 2853 “

312 2954 412 3025 Dum
431 2952 575 3026 Turnus
591 2940 746 3027 Rutulos
765 2946 896 3026 animis
918 2943 1112 3023 audacibus
1136 2942 1274 3047 inplet,

254 3070 393 3142 Allecto
416 3071 453 3140 in
473 3059 633 3142 Teucros
655 3068 784 3168 Stygiis
806 3096 841 3142 se
863 3069 1017 3140 concitat
1037 3068 1112 3139 alis.

253 3185 337 3258 Arte
361 3204 478 3276 nova,
503 3170 682 3281 speculata
704 3188 846 3273 locum,
875 3209 952 3278 quo
978 3184 1082 3256 litore
1102 3183 1249 3278 pulcher

256 3301 403 3373 Insidiis
427 3322 603 3394 cursuque
625 3300 715 3395 feras
739 3285 891 3399 agitabat
913 3287 1037 3390 liilus,

256 3412 325 3488 Hic
347 3410 502 3488 subitam
520 3401 672 3488 canibus
690 3405 824 3488 rabiem
849 3406 998 3510 Cocytia
1020 3402 1118 3514 virgo

257 3524 416 3630 Objicit,
444 3549 478 3603 et
498 3553 588 3605 noto
610 3536 702 3605 naris
724 3526 901 3630 contingit
924 3532 1058 3619 odore,

258 3648 306 3719 Ut
329 3664 473 3719 cervom
494 3646 655 3722 ardentes
676 3666 817 3748 agerent
839 3662 846 3717 i
878 3672 970 3741 quae
993 3648 1109 3742 prima
1129 3641 1296 3718 labomm

258 3762 391 3835 Caussa
408 3760 495 3852 fuit,
521 3758 692 3858 belloque
714 3766 856 3836 animos
876 3755 1044 3836 adcendit
1063 3763 1213 3861 agrestis.-

260 3878 393 3950 Cervus
417 3897 489 3949 erat
508 3874 624 3951 forma
648 3884 838 3975 praestanti
859 3902 894 3953 et
917 3878 1085 3951 cornibus
1109 3872 1255 3975 ingens,

260 3992 457 4088 Tyrrhidae
476 3996 575 4088 pueri
597 4021 707 4088 quem
729 3996 850 4069 matris
869 3997 914 4068 ab
935 3987 1042 4066 ubere
1066 4010 1207 4087 raptum

261 4106 474 4198 Nutribant,
496 4098 748 4205 Tyrrheu'sque
766 4132 887 4206 pater,
911 4112 969 4185 cui
990 4113 1082 4209 regia
1103 4126 1228 4205 parent

260 4224 457 4315 Armenta,
481 4245 515 4298 et
534 4230 602 4298 late
621 4228 782 4299 custodia
804 4229 932 4299 credita
956 4226 1085 4321 campi.

261 4342 461 4414 Adsuetum
486 4344 644 4440 imperiis
668 4369 766 4416 soror
787 4346 890 4415 omni
913 4336 1020 4415 Silvia
1043 4366 1123 4413 cura

261 4458 438 4535 Mollibus
461 4460 623 4534 intexens
646 4462 793 4534 ornabat
812 4487 946 4534 conrua
969 4459 1087 4550 sertis,

262 4569 500 4674 Pectebatque
521 4579 661 4670 lerum,
684 4600 850 4674 puroque
868 4578 907 4649 in
925 4576 1028 4649 fonte
1046 4568 1193 4759 layyabat.

1007 4694 1011 4699 ’
1087 4692 1156 4763 lm
1191 4714 1209 4763 n
