3750 6217
704 742 808 837 46
1058 732 2106 814 GEoRolcoN
2219 728 2277 806 1.
2395 754 2465 806 v.
2555 733 2737 807 160.

815 904 1229 978 Dicendum
1263 958 1285 993 ‚
1340 923 1411 975 et
1459 930 1642 999 quae
1683 903 1823 977 sint
1861 901 2057 972 duris
2100 896 2484 999 agrestibus
2524 923 2769 990 arma,

702 1022 894 1127 Quis
943 1022 1093 1093 sine
1142 1044 1272 1092 nec
1314 1036 1613 1113 potuere
1665 1019 1839 1108 seri,
1889 1041 2022 1088 nec
2064 1038 2339 1113 surgere
2376 1038 2690 1087 messes:

700 1137 972 1210 Vomis
998 1192 1018 1226 ,
1067 1152 1136 1206 et
1179 1133 1421 1204 inflexi
1459 1133 1782 1231 primum
1825 1156 2028 1232 grave
2073 1130 2291 1201 robur
2334 1127 2568 1220 arani,

703 1252 1085 1345 Tardaque
1127 1248 1498 1322 Eleusinae
1539 1250 1781 1323 matris
1817 1247 2179 1319 volventia
2217 1246 2569 1340 plaustra,

702 1368 1194 1460 Tribulaque‚
1239 1361 1656 1460 traheaeque
1689 1422 1709 1455 ,
1757 1385 1827 1437 et
1871 1364 2129 1458 iniquo
2168 1360 2496 1453 pondere
2542 1361 2783 1435 rastri:

703 1483 963 1581 Virgea
1000 1501 1348 1577 praeterea
1397 1482 1595 1554 Celei
1642 1482 1951 1574 vilisque
1993 1477 2361 1572 supellex,

699 1598 1052 1670 Arbuteae
1095 1616 1307 1669 crates
1338 1653 1359 1686 ,
1405 1615 1475 1668 et
1518 1597 1815 1693 mystica
1846 1618 2124 1667 vannus
2166 1592 2419 1666 Iacchi.

704 1714 979 1785 Omnia
1024 1738 1207 1808 quae
1245 1715 1480 1784 multo
1522 1732 1683 1784 ante
1720 1737 2008 1783 mernor
2048 1711 2333 1805 provisa
2373 1730 2719 1805 repones}

703 1828 776 1900 Si
815 1849 886 1901 te
926 1829 1140 1928 digna
1179 1845 1421 1899 manet
1458 1828 1686 1900 divini
1730 1828 1953 1927 gloria
1996 1825 2191 1899 ruris.

703 1945 1077 2016 Continuo
1122 1944 1198 2015 in
1243 1944 1435 2015 silvis
1477 1970 1737 2044 magna
1780 1942 1852 2015 vi
1904 1943 2085 2015 flexa
2133 1938 2470 2014 domatur

707 2060 799 2132 In
837 2060 1072 2130 burim
1098 2114 1119 2148 ‚
1169 2079 1241 2131 et
1281 2061 1471 2130 curvi
1517 2060 1826 2131 formam
1884 2057 2153 2155 adcipit
2188 2059 2431 2131 ulmus
2466 2056 2685 2128 arani.

706 2176 898 2247 Huic
932 2201 972 2246 a
1012 2175 1222 2271 stirpe
1268 2175 1490 2269 pedes
1530 2194 1725 2248 temo
1771 2193 2144 2271 protentus
2188 2174 2263 2244 in
2297 2192 2463 2245 octo
2490 2225 2514 2261 ,

709 2288 924 2363 Binae
964 2315 1201 2380 aures,
1250 2290 1527 2386 duplici
1575 2310 1904 2387 aptantur
1947 2289 2253 2361 dentalia
2300 2290 2540 2361 dorSO.

707 2406 1042 2477 Caeditur
1082 2424 1151 2478 et
1196 2403 1347 2476 tilia
1386 2426 1545 2479 ante
1574 2411 1759 2507 jugo
1803 2409 1976 2479 levis
2009 2460 2029 2495 ‚
2087 2408 2367 2499 altaque
2405 2401 2606 2502 fagus

704 2521 978 2612 stivae,
1029 2546 1210 2615 quae
1252 2546 1489 2596 currus
1537 2551 1578 2595 a
1625 2541 1821 2623 tergo
1864 2538 2193 2615 torqueat
2234 2521 2466 2599 imos;

706 2637 797 2708 Et
840 2661 1180 2732 suspensa
1212 2636 1392 2709 focis
1438 2641 1760 2735 explorat
1797 2637 2054 2710 robora
2092 2636 2355 2708 furnus.

823 2752 1129 2825 Possum
1173 2754 1403 2823 multa
1441 2752 1573 2825 tibi
1611 2772 1926 2826 veterum
1962 2770 2331 2849 praecepta
2366 2746 2654 2831 resen-eg

704 2864 804 2939 Ni
855 2862 1114 2967 refugis
1144 2923 1166 2958 ‚
1226 2870 1610 2963 tenuisque
1656 2868 1853 2969 piget
1895 2890 2321 2966 cognoscere
2364 2889 2583 2938 curas.

704 2982 883 3055 Area
926 3009 1093 3055 curn
1143 2983 1395 3080 primis
1439 2981 1708 3084 ingenti
1747 2984 2117 3080 aequanda
2155 2981 2480 3077 cylindro
2503 3034 2529 3072 ,

706 3098 797 3170 Et
824 3099 1155 3170 vertenda
1188 3124 1411 3170 manu
1435 3153 1456 3191 ,
1505 3119 1579 3172 et
1618 3120 1796 3174 creta
1844 3098 2221 3173 solidanda
2260 3097 2528 3167 tenaci:

705 3210 818 3284 Ne
867 3210 1165 3285 subeant
1203 3214 1503 3305 herbae,
1561 3242 1705 3288 neu
1745 3218 2039 3312 pulvere
2074 3214 2262 3286 victa
2302 3211 2618 3290 fatiscat:

705 3320 907 3397 Tum
939 3328 1164 3398 variae
1205 3328 1541 3401 inludant
1570 3350 1826 3426 pestes.
1910 3355 2120 3424 saepe
2159 3329 2459 3425 exiguus
2491 3349 2661 3398 mus

707 3441 857 3514 Sub
892 3441 1087 3512 terris
1126 3444 1519 3536 posuitque
1563 3446 1830 3517 domos
1866 3461 2081 3539 atque
2118 3444 2365 3515 horrea
2402 3440 2603 3514 fecitt

707 3555 854 3627 Aut
898 3556 1127 3627 oculis
1166 3556 1352 3649 capti
1397 3556 1639 3631 fodere
1682 3558 1946 3631 cubilia
1982 3563 2257 3654 talpae:

709 3673 1197 3764 Inventusque
1240 3673 1424 3744 cavis
1456 3673 1636 3746 bufo
1665 3729 1686 3763 ‚
1732 3694 1803 3745 et
1847 3700 2031 3768 quae
2073 3675 2386 3769 plurima
2420 3690 2637 3745 terrae

705 3785 1027 3858 Monstra
1065 3785 1299 3857 ferunt
1349 3817 1363 3856 ε
1423 3793 1878 3885 populatque
1920 3790 2283 3888 ingentem
2323 3787 2516 3860 farris
2557 3810 2889 3859 acervom
