3750 6217
833 722 924 795 μ
1157 676 2204 787 o-EonorcoN
2318 694 2449 773 11.
2566 702 2919 815 “2490-

821 868 1063 962 Atque
1102 886 1336 938 metus
1374 866 1615 939 omnis
1661 885 1730 938 et
1765 865 2204 937 inexorabile
2244 865 2473 938 fatum

823 983 1135 1081 Subjecit
1168 980 1478 1077 pedibus
1501 1036 1522 1071 ,
1565 981 2086 1076 strepitumque
2126 980 2545 1054 Acherontis
2579 980 2806 1052 avari!

821 1094 1251 1171 Fortunatus
1293 1114 1362 1167 et
1403 1097 1568 1186 ille,
1614 1097 1795 1170 deos
1835 1096 1964 1191 qui
1999 1097 2204 1167 novit
2243 1115 2537 1195 agrestes
2563 1094 2625 1186 ,'

824 1214 1160 1307 Panaque
1183 1265 1205 1301 ,
1248 1210 1764 1305 Silvanumque
1805 1235 2049 1285 senem
2078 1266 2098 1301 ,
2144 1206 2667 1307 Nymphasque
2702 1228 3009 1285 sororem·

820 1329 1047 1399 Illum
1088 1352 1242 1397 non
1276 1328 1540 1422 populi
1580 1328 1841 1417 fasces,
1886 1351 2040 1397 non
2080 1348 2391 1421 purpura
2425 1351 2676 1426 regum

820 1436 880 1515 F
884 1443 1090 1532 lexit,
1136 1460 1206 1514 et
1246 1442 1509 1516 infidos
1544 1444 1813 1541 agitans
1846 1441 2202 1513 discordia
2236 1440 2518 1522 fratres;

818 1557 968 1631 Aut
1005 1559 1373 1656 conjurato
1415 1556 1852 1630 descendens
1891 1556 2129 1627 Dacus
2163 1557 2252 1627 ab
2296 1558 2521 1629 Istros

819 1670 997 1745 Non
1032 1698 1138 1746 res
1175 1667 1588 1761 Romanae,
1630 1672 2082 1766 perituraque
2122 1694 2331 1770 regna
2369 1698 2384 1739 ε
2442 1696 2681 1765 neque
2721 1674 2849 1742 ille

821 1787 969 1861 Aut
1004 1787 1243 1859 doluit
1274 1787 1616 1859 miserans
1654 1788 1958 1881 inopem
1984 1840 2005 1874 ,
2055 1804 2178 1858 aut
2225 1785 2482 1856 invidit
2514 1785 2829 1857 habentis

820 1901 1036 2008 Quos
1073 1902 1252 1975 rami
1288 1900 1586 1993 fructus,
1637 1927 1825 1996 quos
1864 1903 2018 1996 ipsa
2056 1901 2371 1973 volentia
2405 1925 2559 1971 rura

819 2016 1097 2114 Sponte
1133 2019 1355 2089 tulere
1394 2044 1557 2107 sua,
1603 2018 1862 2112 carpsit
1909 2044 1927 2085 z
1986 2040 2119 2088 nec
2158 2016 2371 2087 ferrea
2397 2019 2551 2114 jura
2574 2068 2597 2104 ‚

821 2134 1318 2225 Insanumque
1359 2131 1595 2203 forum
1621 2188 1642 2221 ,
1683 2150 1805 2205 aut
1840 2132 2108 2226 populi
2144 2131 2482 2203 tabularia
2519 2130 2721 2201 vidit.

819 2247 1223 2320 Sollicitam:
1259 2247 1379 2316 alii
1409 2249 1621 2320 remis
1659 2242 1830 2319 freta
1869 2272 2066 2319 caeca
2090 2302 2109 2337 ‚
2160 2266 2519 2341 ruuntque

821 2362 913 2434 In
951 2362 1210 2433 sermm
1242 2418 1263 2451 ,
1309 2381 1680 2456 penetrant
1711 2365 1938 2452 aulas,
1986 2382 2055 2434 et
2090 2364 2341 2433 limina
2380 2387 2623 2461 regum
2648 2390 2669 2429 ε

817 2474 960 2550 Hic
1001 2478 1182 2573 petit
1215 2478 1510 2550 excidiis
1545 2478 1797 2549 urbem
1820 2533 1843 2568 ,
1890 2479 2333 2571 miserosque
2374 2476 2690 2567 Penatis,

817 2594 919 2667 Ut
953 2618 1238 2692 gemma
1270 2593 1472 2666 bibat
1497 2648 1518 2683 ,
1564 2612 1634 2664 et
1671 2591 1961 2664 Sarrano
1998 2593 2390 2664 indormiat
2425 2611 2639 2665 ostro,

818 2709 1098 2780 Condit
1137 2734 1313 2804 opes
1351 2710 1532 2782 alius
1561 2763 1583 2797 ‚
1627 2706 2064 2802 defossoque
2102 2708 2395 2780 incubat
2431 2731 2623 2778 auro.

815 2824 959 2897 Hic
1001 2843 1238 2920 stupet
1275 2824 1640 2921 adtonitus
1676 2823 1951 2897 Rostris
1988 2850 2003 2891 z
2060 2825 2254 2894 hunc
2291 2826 2584 2918 plausus
2620 2822 2943 2895 hiantem

817 2940 951 3012 Per
990 2965 1256 3013 cuneos
1291 2941 1693 3039 geminatus
1731 2940 1932 3009 enim
1971 2938 2352 3033 plebisque
2392 2956 2825 3031 patrumque

817 3054 1206 3150 Conripuit
1247 3082 1261 3124 :
1322 3056 1636 3156 gaudent
1672 3055 1938 3150 perfusi
1982 3055 2321 3154 sanguine
2361 3053 2685 3141 fratrum,
2764 3090 2775 3099 ·

813 3166 1233 3262 Exsilioque
1276 3171 1544 3243 domos
1584 3190 1654 3247 et
1691 3170 1927 3242 dulcia
1970 3171 2221 3241 limina
2261 3186 2544 3241 mutant
2577 3197 2594 3247 3

812 3283 1055 3377 Atque
1093 3285 1235 3353 alio
1276 3284 1578 3377 patriam
1618 3303 1967 3378 quaerunt
2006 3285 2139 3355 sub
2179 3288 2332 3357 sole
2361 3287 2736 3383 jacentem2

813 3396 1143 3494 Agricola
1184 3398 1476 3468 incurvo
1516 3417 1770 3469 terram
1812 3398 2125 3469 dimovit
2164 3420 2429 3470 aratro:

814 3511 1018 3582 Hicc’
1056 3513 1224 3580 anni
1261 3509 1462 3581 labor
1497 3539 1514 3581 ι
1571 3512 1738 3583 hinc
1774 3513 2077 3607 patriam
2114 3538 2514 3609 parvosque
2545 3514 2831 3587 Penatis

813 3622 1127 3700 Sustinet
1160 3654 1174 3693 z
1231 3625 1402 3697 hinc
1434 3644 1746 3697 armenta
1781 3628 2063 3717 boum,
2106 3630 2545 3723 meritosque
2567 3633 2937 3728 juvencos.

813 3742 968 3813 Nec
1005 3741 1286 3835 requies
1310 3796 1331 3832 ,
1388 3742 1568 3836 quin
1608 3760 1729 3813 aut
1765 3742 2015 3835 pomis
2054 3743 2392 3816 exuberet
2429 3770 2657 3817 annus
2687 3801 2710 3836 ,

813 3856 957 3928 Ant
993 3855 1141 3928 fetu
1181 3884 1565 3952 pecomm,
1617 3880 1733 3928 aut
1769 3858 2074 3928 Cerealis
2118 3884 2266 3928 mer
2316 3860 2406 3932 ite
2450 3861 2710 3932 culmi:
