3750 6217
462 675 909 801 AENEIDOb
966 721 1043 794 VI.
1102 741 1135 795 v:
1186 728 1274 812 787²
1392 718 1478 833 arr⁵

268 888 351 960 Huc
370 890 531 987 geminas
550 915 646 961 nunc
664 891 767 963 flecte
785 892 876 962 acies
896 918 904 959 ι
933 889 1025 960 hanc
1045 888 1188 981 adspice
1208 906 1369 986 gentem,

268 1005 529 1098 Romanosque
548 1024 641 1077 tuos.
680 1002 737 1076 hic
753 1004 900 1095 Caesar,
921 1023 957 1077 et
977 1005 1097 1076 omnis
1118 1004 1188 1073 Iiili

268 1119 522 1250 Progenies,
500 1134 675 1218 magnum
692 1116 785 1191 coeli
804 1130 951 1191 ventura
972 1119 1038 1192 sub
1058 1134 1171 1190 axem

268 1234 390 1306 Hic
356 1261 427 1324 ιιι,
447 1235 505 1305 hic
523 1255 594 1324 est,
617 1236 685 1306 tibi
703 1252 816 1329 quem¹
836 1236 1000 1339 promitti
1019 1234 1160 1328 saepius
1180 1216 1305 1323 audis,

269 1346 452 1448 Augustus
473 1349 617 1438 Caesar',
641 1349 727 1428 Divi
747 1375 890 1449 genus·
921 1376 1023 1421 aurea
1042 1347 1175 1422 condet

269 1464 414 1537 Saecula
435 1466 498 1558 qui
519 1489 635 1544 rursus
653 1464 778 1555 L'atio,
800 1478 942 1564 regnata
959 1489 1023 1561 per
1041 1480 1121 1535 arva
1165 1550 1168 1556 Ι

270 1580 419 1652 Saturno
441 1579 651 1673 qnondam
678 1599 836 1674 superet
857 1579 1086 1663 Garamantas
1106 1596 1142 1650 et
1160 1577 1274 1652 Indos

270 1684 429 1767 Proferet
446 1695 639 1824 imperium
657 1726 665 1773 ;
679 1699 773 1793 jacet
792 1714 885 1767 extra
902 1695 1014 1766 sidera
1034 1696 1156 1783 tellus3

270 1800 375 1883 Extra
393 1811 477 1880 anni
499 1800 709 1903 s'olisqrie'
676 1835 768 1899 vras,
788 1811 851 1892 ubi
871 1810 1015 1897 caelifer
1032 1810 1131 1882 Atlas

271 1910 387 1997 hxeni
402 1926 552 2011 humero
573 1936 718 2020 torquet
736 1906 845 1997 stellis
864 1916 1069 2009 ardentibus
1089 1942 1228 2051 aptum.

271 2022 416 2139 Hujus
407 2032 445 2109 in
465 2042 659 2112 adrentum
673 2043 750 2137 jam
772 2065 869 2111 nunc
889 2059 924 2110 et
945 2040 1073 2134 Caspia
1084 2038 1193 2137 regna

271 2142 470 2249 Responsis
489 2156 632 2226 horrent
650 2154 795 2244 divdm,
820 2174 855 2227 et
872 2155 1027 2237 Maeotia
1045 2156 1171 2242 tellus,

270 2258 316 2343 Et
335 2271 610 2370 septemgemini
630 2271 776 2343 turbant
793 2271 932 2365 trepida
951 2270 1040 2342 ostia
1061 2269 1145 2341 Nili.

270 2388 346 2459 Nec
366 2411 449 2459 vero
471 2385 613 2479 Alcides
631 2402 772 2458 tantum
791 2386 926 2457 telluris
945 2385 1085 2465 obivitr
1228 2460 1232 2467 ἢ
1252 2463 1257 2472 ,

271 2501 404 2573 Fixerit
424 2502 627 2595 aeripedem
644 2525 784 2572 cervam
802 2494 905 2590 licet,
928 2486 1263 2594 atqueEr'yrnanthi

272 2616 406 2687 Pacarit
423 2642 594 2705 nemora,
618 2633 653 2687 et
670 2616 824 2695 Lernam
840 2613 1070 2701 tremefecerit
1088 2638 1168 2699 arcu
1186 2631 1193 2684 t

273 2728 367 2820 Nec,
392 2734 456 2824 qui
475 2732 679 2827 pampineis
694 2731 812 2811 ¹victor
821 2732 911 2830 juga
931 2729 1041 2800 flectit
1059 2730 1231 2823 habenis,

276 2847 400 2942 Liber,
425 2871 533 2945 agens
550 2849 645 2917 celso
666 2846 784 2940 Nysae
804 2847 850 2917 d'e
867 2847 994 2916 vertice
1012 2845 1125 2941 tigres
1161 2918 1166 2927 ,
1214 2930 1217 2935 Ι

274 2962 317 3032 Et
336 2960 546 3047 dubitamus
565 2962 680 3032 adhuc
696 2962 863 3053 virtutem
883 2950 1071 3030 extendere
1087 2946 1218 3032 factis?

273 3076 373 3147 Aut
365 3095 483 3148 metus
501 3073 661 3147 Ausonia
681 3075 851 3170 prohibet
868 3074 1082 3167 consistere
1076 3093 1185 3146 terra
1178 3058 1194 3127 5⁵

275 3192 367 3297 Quis
387 3192 514 3286 procul
530 3193 591 3261 ille
609 3204 728 3262 autem
746 3191 853 3275 ramis
872 3190 1019 3287 insignis
1037 3190 1152 3290 olinae

274 3306 373 3399 Sacra
392 3306 542 3377 ferens?
572 3318 685 3377 nosco
706 3306 811 3377 crinis
814 3304 1030 3399 incanaque
1050 3308 1172 3376 menta'

275 3422 379 3519 Regis
396 3420 575 3500 Romani3
593 3422 736 3514 primus
755 3446 820 3551 qur
811 3407 981 3518 legibus
1000 3420 1127 3491 urbem

274 3536 475 3625 Fundabit,
500 3536 655 3608 Curibus
674 3536 791 3630 parvis
811 3530 846 3607 et
865 3552 1022 3630 paupere
1038 3524 1126 3607 terra
1227 3616 1232 3629 ⁵

274 3650 432 3723 Missus
424 3676 462 3725 ιιι
482 3652 677 3747 imperium
694 3668 898 3781 magnum.
922 3652 1013 3745 quoi
1029 3650 1159 3722 deinde
1179 3616 1335 3745 subibit3

214 3817 220 3830 .
274 3764 360 3838 Otia
379 3769 442 3859 qui
461 3785 606 3863 rumpet
625 3768 779 3896 patriae,
808 3766 1011 3879 residesque
1029 3756 1194 3838 movebit

275 3866 436 3952 Tullus
427 3905 465 3952 ιιι
485 3902 580 3952 anna
598 3883 715 3970 viros,
740 3902 775 3955 et
789 3885 866 3981 jam
887 3870 1031 3953 desueta
1050 3878 1242 3976 triumphis

276 3995 440 4094 Agmina·
476 4004 588 4090 quem
604 3993 704 4125 juxta
724 3999 882 4091 sequitur
895 3999 1086 4094 jactantior
1105 3990 1246 4087 Ancus3
1334 4082 1339 4091 .

276 4110 383 4182 Nunc
403 4135 553 4205 quoque
566 4082 643 4208 jani
662 4112 819 4183 nimium
837 4112 995 4241 gaudens
1013 4104 1248 4207 popularibus
1268 4094 1367 4187 a'ruis

275 4222 342 4297 Vis
363 4234 398 4296 εἰ
416 4222 633 4320 Tarquinios
651 4245 768 4325 reges,
791 4228 1022 4321 animamque
1043 4221 1234 4331 superbam

276 4338 408 4411 Ultoris
425 4339 520 4411 Bruti
530 4339 749 4438 ,fascesque
767 4342 886 4413 videre
904 4344 1097 4438 receptos?

278 4424 447 4528 Consulis
467 4423 661 4551 imperium
679 4456 737 4529 hic
754 4458 892 4553 primus
911 4471 1101 4551 saevasque
1122 4460 1250 4533 securis

276 4570 443 4667 Adcipiet
461 4580 469 4640 ι’
498 4573 673 4667 natosque
691 4588 809 4667 pater,
827 4596 922 4644 nova
941 4573 1035 4644 bella
1053 4576 1261 4668 moventis,

1154 4680 1222 4759 Kk
