3750 6217
350 722 426 812 358
567 698 1017 826 Aruernos
1075 714 1121 787 x.
1180 723 1214 785 v.
1269 697 1361 799 rar.

347 878 463 975 Eripit
484 906 503 950 a
519 877 673 969 semine,
699 899 736 953 et
752 879 942 972 trepidanti
963 877 1119 952 fervidus
1138 871 1254 950 insta't.

348 997 532 1096 Ingemuit
549 996 618 1067 cari
638 996 785 1093 graviter
802 994 971 1092 genitoris
991 1018 1134 1085 amore,

349 1112 398 1184 Ut
417 1112 528 1201 vidit,
554 1101 713 1189 tarsun
734 1112 971 1204 lacrimaeque
992 1125 1056 1204 per
1076 1135 1136 1180 ora
1154 1108 1311 1182 'volut-ae.

349 1224 419 1299 Hic
437 1227 564 1297 mortis
582 1212 689 1296 durae
709 1250 851 1315 casum,
871 1243 1005 1318 tuaque
1025 1243 1178 1320 optuma
1197 1222 1312 1313 iacta,

351 1342 389 1414 Si
411 1369 482 1436 qua
503 1341 612 1411 fidem
635 1359 735 1413 tanto
756 1361 809 1414 est
829 1342 929 1435 operi
948 1342 1059 1411 latura
1077 1345 1251 1429 vetustas,

352 1459 440 1528 Non
462 1457 659 1548 equidem,
682 1459 749 1529 'ne'c
768 1471 824 1546 te,
844 1457 987 1554 juvenis
1007 1455 1265 1544 memorande,
1285 1451 1414 1525 silebo.

351 1574 421 1643 Ille
442 1572 575 1667 pedem
596 1569 767 1663 referens,
790 1579 826 1644 et
847 1573 1005 1660 inutilis,
1030 1572 1141 1662 inque
1161 1571 1289 1667 ligatus

353 1687 532 1776 Cedebat,
553 1687 748 1781 clipeoque
769 1685 959 1759 inimicum
980 1673 1106 1758 hastile
1126 1684 1293 1756 trahebat.

354 1804 524 1896 Prorupit
536 1803 699 1902 juvenis,
724 1829 871 1898 seseque
890 1802 1074 1873 inmiscuit
1093 1800 1223 1872 armis:

350 1920 508 2011 Jamque
528 1919 745 2016 adsurgentis
765 1919 885 1991 dextra
906 1920 1123 2016 plagamque
1142 1914 1284 1985 ferentis

355 2037 498 2105 Aeneae
518 2031 629 2106 subiit
647 2045 881 2122 mucronem,
904 2034 1100 2127 ipsumque
1119 2029 1299 2100 morando

358 2129 536 2221 Sustinuit
560 2152 568 2216 i
599 2150 687 2221 socii
708 2160 842 2248 magno
863 2147 1020 2219 clamore
1041 2164 1261 2238 sequuntur;

359 2265 460 2335 Dum
482 2262 622 2361 genitor
640 2266 715 2335 nati
732 2268 855 2360 parma
874 2257 1056 2358 protecirrs
1075 2260 1203 2332 abiret:

360 2375 525 2471 Telaque
546 2381 763 2477 conjiciunt,
787 2379 1074 2474 proturbantque
1093 2376 1235 2446 eminus
1253 2373 1398 2444 hostem

358 2492 568 2566 Missilibus.
608 2492 692 2564 furit
709 2492 863 2583 Aeneas,
886 2513 1074 2586 tectusque
1094 2495 1192 2561 tenet
1210 2513 1278 2594 se.⁸

359 2600 414 2679 Ac
428 2602 551 2697 velut,
574 2607 682 2679 effusa
703 2611 731 2680 si
753 2610 899 2702 qnando
920 2608 1090 2707 grandine
1111 2604 1229 2676 nimbi

361 2710 621 2818 Praecipitant,
647 2726 768 2797 omnis
786 2726 924 2819 campis
943 2723 1084 2821 diffugit
1102 2739 1234 2808 arator,

362 2839 496 2911 Omnis
517 2856 552 2910 et
571 2840 746 2937 agricola,
770 2859 805 2910 et
822 2847 904 2937 tuta⁵
914 2841 998 2910 latet
1017 2850 1093 2909 alce
1114 2838 1245 2923 viator,

361 2955 436 3026 Aut
454 2954 571 3026 amnis
591 2954 698 3048 ripis,
723 2972 784 3026 aut
804 2955 864 3026 alti
886 2954 1022 3025 fornice
1042 2955 1139 3040 saxi,

363 3069 464 3140 Dum
488 3068 582 3162 pluit
601 3070 638 3138 in
656 3072 772 3149 terris;
795 3090 835 3141 ut
855 3070 1019 3164 possint,
1044 3071 1120 3140 sole
1140 3066 1309 3154 reducto,-

363 3184 531 3256 Exercere
552 3183 650 3253 diem
671 3212 679 3252 t
710 3187 759 3256 sic
781 3177 929 3256 obrutus
949 3184 1114 3277 undique
1134 3183 1216 3255 telis

367 3298 505 3368 Aeneas
525 3297 660 3366 nubem
682 3300 796 3390 belli,
819 3302 908 3371 dnm
930 3300 1078 3370 detonet
1102 3299 1247 3384 omnis,

366 3411 545 3499 Sustinet,
567 3429 601 3480 ct
622 3412 781 3485 Lausum
801 3417 1007 3510 increpitat,
1034 3415 1229 3508 Lausoque
1247 3411 1427 3481 minatur:

368 3527 456 3629 Quo
477 3528 650 3597 moriture
671 3530 764 3618 ruis,
785 3534 993 3628 majoraque
1011 3531 1146 3601 viribus
1164 3527 1273 3599 audes
1290 3528 1305 3596 ?

367 3642 473 3711 Fallit
492 3660 526 3711 te
548 3643 732 3715 incautum
751 3646 863 3739 pietas
884 3664 953 3715 tua.
995 3670 1060 3716 nec
1081 3647 1202 3716 minus
1221 3644 1283 3712 ille

368 3758 529 3829 Exsultat
549 3758 708 3832 demens.
750 3784 871 3831 saevae
885 3764 1035 3857 jamque
1054 3762 1158 3831 altius
1178 3760 1246 3829 irae

370 3872 552 3942 Dardanio
573 3893 719 3973 surgunt
737 3876 898 3966 ductori,
923 3895 1152 3969 extremaque
1173 3876 1291 3945 Lauso

370 3986 496 4057 Parcae
514 3987 572 4056 fila
593 3991 743 4085 legunt:
773 3991 935 4060 validum
956 4015 1114 4083 namque
1136 3991 1245 4089 exigit
1265 4002 1386 4059 ensem

371 4101 437 4169 Per
457 4103 622 4170 medium
642 4102 780 4174 Aeneas
800 4109 998 4203 juvenem,
1022 4125 1216 4197 totumque
1235 4103 1407 4173 recondit.

371 4214 528 4286 Transiit
546 4232 581 4284 et
600 4240 761 4310 parmam
785 4245 933 4306 mucr0,
958 4222 1047 4289 levia
1068 4236 1163 4290 anna
1183 4220 1354 4307 minacis,

372 4329 417 4401 Et
436 4330 618 4419 tunicam,
645 4334 751 4402 molli
772 4351 883 4404 mater
902 4344 1013 4427 quam
1036 4356 1177 4406 neverat
1196 4359 1302 4405 auro:

373 4446 605 4537 Inpleritque
624 4448 722 4518 sinus
744 4450 907 4526 sanaris:
938 4469 1017 4518 turn
1036 4451 1106 4521 vita
1124 4478 1187 4546 per
1205 4473 1304 4520 auras

372 4560 559 4634 Concessit
575 4583 709 4636 maesta
730 4565 773 4632 ad
793 4565 928 4654 Manis,
956 4590 1159 4661 corpusque
1179 4565 1332 4657 reliquit
