<?xml version="1.0" encoding="UTF-8"?>
<!DOCTYPE html PUBLIC "-//W3C//DTD XHTML 1.0 Transitional//EN"
    "http://www.w3.org/TR/xhtml1/DTD/xhtml1-transitional.dtd">
<html xmlns="http://www.w3.org/1999/xhtml" xml:lang="en" lang="en">
 <head>
  <title>
</title>
<meta http-equiv="Content-Type" content="text/html;charset=utf-8" />
  <meta name='ocr-system' content='tesseract 3.04.00' />
  <meta name='ocr-capabilities' content='ocr_page ocr_carea ocr_par ocr_line ocrx_word'/>
</head>
<body>
  <div class='ocr_page' id='page_1' title='image "./publiivirgiliim00brungoog/publiivirgiliim00brungoog_0212.png"; bbox 0 0 3750 6217; ppageno 0'>
   <div class='ocr_carea' id='block_1_1' title="bbox 459 744 1470 865">
    <p class='ocr_par' dir='ltr' id='par_1_1' title="bbox 459 744 1470 865">
     <span class='ocr_line' id='line_1_1' title="bbox 459 744 1470 865; baseline -0.01 -33"><span class='ocrx_word' id='word_1_1' title='bbox 459 744 906 849; x_wconf 56' lang='lat' dir='ltr'>AENEIDOS</span> <span class='ocrx_word' id='word_1_2' title='bbox 963 752 1041 844; x_wconf 72' lang='lat' dir='ltr'>tv,</span> <span class='ocrx_word' id='word_1_3' title='bbox 1099 775 1132 834; x_wconf 73' lang='lat' dir='ltr'>v,</span> <span class='ocrx_word' id='word_1_4' title='bbox 1181 774 1273 849; x_wconf 70' lang='lat'>424.</span> <span class='ocrx_word' id='word_1_5' title='bbox 1350 767 1470 865; x_wconf 69' lang='grc' dir='ltr'>1ιςη</span> 
     </span>
    </p>
   </div>
   <div class='ocr_carea' id='block_1_2' title="bbox 269 917 1400 4699">
    <p class='ocr_par' dir='ltr' id='par_1_2' title="bbox 271 917 1141 1018">
     <span class='ocr_line' id='line_1_2' title="bbox 271 917 1141 1018; baseline 0.001 -23"><span class='ocrx_word' id='word_1_6' title='bbox 271 917 402 996; x_wconf 80' lang='lat' dir='ltr'><strong>Aulide</strong></span> <span class='ocrx_word' id='word_1_7' title='bbox 415 919 549 1018; x_wconf 76' lang='lat' dir='ltr'>juravi,</span> <span class='ocrx_word' id='word_1_8' title='bbox 569 921 762 995; x_wconf 85' lang='lat' dir='ltr'>classemve</span> <span class='ocrx_word' id='word_1_9' title='bbox 781 919 828 997; x_wconf 86' lang='lat' dir='ltr'>ad</span> <span class='ocrx_word' id='word_1_10' title='bbox 847 919 1017 1018; x_wconf 80' lang='lat' dir='ltr'>Pergama</span> <span class='ocrx_word' id='word_1_11' title='bbox 1036 919 1141 997; x_wconf 77' lang='lat' dir='ltr'>misit</span> 
     </span>
    </p>

    <p class='ocr_par' dir='ltr' id='par_1_3' title="bbox 270 1033 1174 1131">
     <span class='ocr_line' id='line_1_3' title="bbox 270 1033 1174 1131; baseline -0.006 -22"><span class='ocrx_word' id='word_1_12' title='bbox 270 1034 348 1109; x_wconf 87' lang='lat' dir='ltr'>Nec</span> <span class='ocrx_word' id='word_1_13' title='bbox 365 1035 475 1131; x_wconf 82' lang='lat' dir='ltr'>patris</span> <span class='ocrx_word' id='word_1_14' title='bbox 494 1033 668 1114; x_wconf 76' lang='lat' dir='ltr'>Anchisae</span> <span class='ocrx_word' id='word_1_15' title='bbox 687 1037 843 1115; x_wconf 86' lang='lat' dir='ltr'>cinerem</span> <span class='ocrx_word' id='word_1_16' title='bbox 862 1036 1022 1106; x_wconf 89' lang='lat' dir='ltr'>manisve</span> <span class='ocrx_word' id='word_1_17' title='bbox 1041 1034 1174 1105; x_wconf 75' lang='lat' dir='ltr'>revelli.</span> 
     </span>
    </p>

    <p class='ocr_par' dir='ltr' id='par_1_4' title="bbox 271 1147 1280 1249">
     <span class='ocr_line' id='line_1_4' title="bbox 271 1147 1280 1249; baseline 0.002 -27"><span class='ocrx_word' id='word_1_18' title='bbox 271 1149 347 1223; x_wconf 88' lang='lat' dir='ltr'>Cur</span> <span class='ocrx_word' id='word_1_19' title='bbox 364 1175 446 1238; x_wconf 80' lang='lat' dir='ltr'>mea</span> <span class='ocrx_word' id='word_1_20' title='bbox 463 1150 557 1235; x_wconf 83' lang='lat' dir='ltr'>dicta</span> <span class='ocrx_word' id='word_1_21' title='bbox 576 1169 682 1249; x_wconf 75' lang='lat' dir='ltr'>negat</span> <span class='ocrx_word' id='word_1_22' title='bbox 699 1150 804 1237; x_wconf 82' lang='lat' dir='ltr'>duras</span> <span class='ocrx_word' id='word_1_23' title='bbox 822 1149 1009 1229; x_wconf 76' lang='lat' dir='ltr'>demittere</span> <span class='ocrx_word' id='word_1_24' title='bbox 1028 1151 1067 1221; x_wconf 88' lang='lat' dir='ltr'>in</span> <span class='ocrx_word' id='word_1_25' title='bbox 1084 1149 1176 1224; x_wconf 85' lang='lat' dir='ltr'>auris</span> <span class='ocrx_word' id='word_1_26' title='bbox 1194 1147 1213 1236; x_wconf 64' lang='lat' dir='ltr'>l</span> <span class='ocrx_word' id='word_1_27' title='bbox 1275 1155 1280 1164; x_wconf 85' lang='lat'>&#39;</span> 
     </span>
    </p>

    <p class='ocr_par' dir='ltr' id='par_1_5' title="bbox 269 1262 1379 1372">
     <span class='ocr_line' id='line_1_5' title="bbox 269 1262 1379 1372; baseline -0.004 -34"><span class='ocrx_word' id='word_1_28' title='bbox 269 1264 361 1372; x_wconf 79' lang='lat' dir='ltr'>Quo</span> <span class='ocrx_word' id='word_1_29' title='bbox 380 1265 450 1345; x_wconf 77' lang='lat' dir='ltr'>ruit</span> <span class='ocrx_word' id='word_1_30' title='bbox 472 1266 489 1336; x_wconf 72' lang='grc' dir='ltr'>Ρ</span> <span class='ocrx_word' id='word_1_31' title='bbox 517 1283 719 1339; x_wconf 87' lang='lat' dir='ltr'>extremum</span> <span class='ocrx_word' id='word_1_32' title='bbox 735 1265 806 1337; x_wconf 90' lang='lat' dir='ltr'>hoc</span> <span class='ocrx_word' id='word_1_33' title='bbox 825 1266 973 1339; x_wconf 86' lang='lat' dir='ltr'>miserae</span> <span class='ocrx_word' id='word_1_34' title='bbox 990 1264 1052 1339; x_wconf 91' lang='lat' dir='ltr'>det</span> <span class='ocrx_word' id='word_1_35' title='bbox 1068 1288 1202 1344; x_wconf 89' lang='lat' dir='ltr'>munus</span> <span class='ocrx_word' id='word_1_36' title='bbox 1221 1262 1379 1344; x_wconf 68' lang='lat' dir='ltr'>amantis</span> 
     </span>
    </p>

    <p class='ocr_par' dir='ltr' id='par_1_6' title="bbox 271 1378 1247 1479">
     <span class='ocr_line' id='line_1_6' title="bbox 271 1378 1247 1479; baseline -0.004 -25"><span class='ocrx_word' id='word_1_37' title='bbox 271 1380 463 1478; x_wconf 85' lang='lat' dir='ltr'>Exspectet</span> <span class='ocrx_word' id='word_1_38' title='bbox 482 1380 700 1474; x_wconf 69' lang='lat' dir='ltr'>facilemque</span> <span class='ocrx_word' id='word_1_39' title='bbox 717 1378 863 1479; x_wconf 82' lang='lat' dir='ltr'>fugam,</span> <span class='ocrx_word' id='word_1_40' title='bbox 881 1398 1082 1475; x_wconf 87' lang='lat' dir='ltr'>ventosque</span> <span class='ocrx_word' id='word_1_41' title='bbox 1095 1378 1247 1463; x_wconf 71' lang='lat' dir='ltr'>ferentis,</span> 
     </span>
    </p>

    <p class='ocr_par' dir='ltr' id='par_1_7' title="bbox 270 1488 1359 1596">
     <span class='ocr_line' id='line_1_7' title="bbox 270 1488 1359 1596; baseline -0.006 -29"><span class='ocrx_word' id='word_1_42' title='bbox 270 1495 361 1569; x_wconf 87' lang='lat' dir='ltr'>Non</span> <span class='ocrx_word' id='word_1_43' title='bbox 375 1497 453 1595; x_wconf 86' lang='lat' dir='ltr'>jam</span> <span class='ocrx_word' id='word_1_44' title='bbox 472 1497 684 1596; x_wconf 83' lang='lat' dir='ltr'>conjugium</span> <span class='ocrx_word' id='word_1_45' title='bbox 703 1497 919 1589; x_wconf 88' lang='lat' dir='ltr'>antiquom,</span> <span class='ocrx_word' id='word_1_46' title='bbox 942 1495 1046 1588; x_wconf 93' lang='lat' dir='ltr'>quod</span> <span class='ocrx_word' id='word_1_47' title='bbox 1064 1488 1245 1590; x_wconf 80' lang='lat' dir='ltr'><strong>prodidit,</strong></span> <span class='ocrx_word' id='word_1_48' title='bbox 1270 1516 1359 1573; x_wconf 77' lang='lat'>0103</span> 
     </span>
    </p>

    <p class='ocr_par' dir='ltr' id='par_1_8' title="bbox 274 1608 1327 1709">
     <span class='ocr_line' id='line_1_8' title="bbox 274 1608 1327 1709; baseline -0.004 -26"><span class='ocrx_word' id='word_1_49' title='bbox 274 1610 354 1684; x_wconf 88' lang='lat' dir='ltr'>Nec</span> <span class='ocrx_word' id='word_1_50' title='bbox 370 1613 522 1707; x_wconf 86' lang='lat' dir='ltr'>pulchro</span> <span class='ocrx_word' id='word_1_51' title='bbox 542 1630 582 1697; x_wconf 83' lang='lat' dir='ltr'>ut</span> <span class='ocrx_word' id='word_1_52' title='bbox 601 1610 705 1685; x_wconf 88' lang='lat' dir='ltr'>Latio</span> <span class='ocrx_word' id='word_1_53' title='bbox 727 1628 861 1701; x_wconf 85' lang='lat' dir='ltr'>careat,</span> <span class='ocrx_word' id='word_1_54' title='bbox 885 1635 1110 1709; x_wconf 84' lang='lat' dir='ltr'>regnumque</span> <span class='ocrx_word' id='word_1_55' title='bbox 1127 1608 1327 1701; x_wconf 75' lang='lat' dir='ltr'>relinquat,-</span> 
     </span>
    </p>

    <p class='ocr_par' dir='ltr' id='par_1_9' title="bbox 270 1722 1276 1823">
     <span class='ocr_line' id='line_1_9' title="bbox 270 1722 1276 1823; baseline 0.005 -24"><span class='ocrx_word' id='word_1_56' title='bbox 270 1725 438 1823; x_wconf 76' lang='lat' dir='ltr'>Tempus</span> <span class='ocrx_word' id='word_1_57' title='bbox 456 1729 561 1807; x_wconf 88' lang='lat' dir='ltr'>inane</span> <span class='ocrx_word' id='word_1_58' title='bbox 578 1745 687 1822; x_wconf 89' lang='lat' dir='ltr'>peto,</span> <span class='ocrx_word' id='word_1_59' title='bbox 709 1725 872 1819; x_wconf 85' lang='lat' dir='ltr'>requiem</span> <span class='ocrx_word' id='word_1_60' title='bbox 892 1726 1122 1821; x_wconf 83' lang='lat' dir='ltr'>spatiumque</span> <span class='ocrx_word' id='word_1_61' title='bbox 1140 1722 1276 1806; x_wconf 69' lang='lat' dir='ltr'>furoris</span> 
     </span>
    </p>

    <p class='ocr_par' dir='ltr' id='par_1_10' title="bbox 273 1840 1160 1922">
     <span class='ocr_line' id='line_1_10' title="bbox 273 1840 1160 1922; baseline -0.007 -6"><span class='ocrx_word' id='word_1_62' title='bbox 273 1840 376 1916; x_wconf 87' lang='lat' dir='ltr'>Dum</span> <span class='ocrx_word' id='word_1_63' title='bbox 393 1867 474 1914; x_wconf 84' lang='lat' dir='ltr'>mea</span> <span class='ocrx_word' id='word_1_64' title='bbox 492 1867 552 1915; x_wconf 88' lang='lat' dir='ltr'>me</span> <span class='ocrx_word' id='word_1_65' title='bbox 572 1844 705 1922; x_wconf 82' lang='lat' dir='ltr'>victam</span> <span class='ocrx_word' id='word_1_66' title='bbox 724 1841 854 1917; x_wconf 81' lang='lat' dir='ltr'>doceat</span> <span class='ocrx_word' id='word_1_67' title='bbox 869 1840 1012 1921; x_wconf 81' lang='lat' dir='ltr'>somma</span> <span class='ocrx_word' id='word_1_68' title='bbox 1029 1841 1160 1922; x_wconf 83' lang='lat' dir='ltr'>dolere,</span> 
     </span>
    </p>

    <p class='ocr_par' dir='ltr' id='par_1_11' title="bbox 273 1954 1248 2050">
     <span class='ocr_line' id='line_1_11' title="bbox 273 1954 1248 2050; baseline -0.004 -22"><span class='ocrx_word' id='word_1_69' title='bbox 273 1955 480 2049; x_wconf 68' lang='lat' dir='ltr'>Extremam</span> <span class='ocrx_word' id='word_1_70' title='bbox 499 1958 591 2029; x_wconf 90' lang='lat' dir='ltr'>hanc</span> <span class='ocrx_word' id='word_1_71' title='bbox 610 1982 675 2035; x_wconf 87' lang='lat' dir='ltr'>oro</span> <span class='ocrx_word' id='word_1_72' title='bbox 693 1957 839 2040; x_wconf 81' lang='lat' dir='ltr'>veniam</span> <span class='ocrx_word' id='word_1_73' title='bbox 859 1984 868 2039; x_wconf 67' lang='lat' dir='ltr'>r</span> <span class='ocrx_word' id='word_1_74' title='bbox 894 1958 1079 2050; x_wconf 74' lang='lat' dir='ltr'>(miserete</span> <span class='ocrx_word' id='word_1_75' title='bbox 1097 1954 1248 2048; x_wconf 86' lang='lat' dir='ltr'>sororis)</span> 
     </span>
    </p>

    <p class='ocr_par' dir='ltr' id='par_1_12' title="bbox 275 2070 1400 2281">
     <span class='ocr_line' id='line_1_12' title="bbox 275 2070 1400 2179; baseline -0.001 -35"><span class='ocrx_word' id='word_1_76' title='bbox 275 2070 400 2179; x_wconf 80' lang='lat' dir='ltr'>Quam</span> <span class='ocrx_word' id='word_1_77' title='bbox 418 2073 510 2156; x_wconf 82' lang='lat' dir='ltr'>mihi</span> <span class='ocrx_word' id='word_1_78' title='bbox 527 2096 645 2166; x_wconf 84' lang='lat' dir='ltr'>quom</span> <span class='ocrx_word' id='word_1_79' title='bbox 662 2071 821 2162; x_wconf 83' lang='lat' dir='ltr'>dederis,</span> <span class='ocrx_word' id='word_1_80' title='bbox 837 2074 1058 2151; x_wconf 82' lang='lat' dir='ltr'>cumulatam</span> <span class='ocrx_word' id='word_1_81' title='bbox 1077 2087 1194 2155; x_wconf 87' lang='lat' dir='ltr'>morte</span> <span class='ocrx_word' id='word_1_82' title='bbox 1212 2070 1400 2152; x_wconf 79' lang='lat' dir='ltr'>remittam.</span> 
     </span>
     <span class='ocr_line' id='line_1_13' title="bbox 334 2185 1164 2281; baseline 0.004 -24"><span class='ocrx_word' id='word_1_83' title='bbox 334 2186 486 2270; x_wconf 79' lang='lat' dir='ltr'>Talibus</span> <span class='ocrx_word' id='word_1_84' title='bbox 507 2188 652 2278; x_wconf 80' lang='lat' dir='ltr'>orabat,</span> <span class='ocrx_word' id='word_1_85' title='bbox 673 2188 827 2281; x_wconf 89' lang='lat' dir='ltr'>talisque</span> <span class='ocrx_word' id='word_1_86' title='bbox 843 2188 1039 2264; x_wconf 78' lang='lat' dir='ltr'>miserrima</span> <span class='ocrx_word' id='word_1_87' title='bbox 1059 2185 1164 2271; x_wconf 82' lang='lat' dir='ltr'>fletus</span> 
     </span>
    </p>

    <p class='ocr_par' dir='ltr' id='par_1_13' title="bbox 275 2301 1256 2397">
     <span class='ocr_line' id='line_1_14' title="bbox 275 2301 1256 2397; baseline 0 -23"><span class='ocrx_word' id='word_1_88' title='bbox 275 2301 428 2396; x_wconf 82' lang='lat' dir='ltr'>Fertque</span> <span class='ocrx_word' id='word_1_89' title='bbox 447 2302 621 2397; x_wconf 82' lang='lat' dir='ltr'>refertque</span> <span class='ocrx_word' id='word_1_90' title='bbox 641 2327 740 2379; x_wconf 89' lang='lat' dir='ltr'>soror</span> <span class='ocrx_word' id='word_1_91' title='bbox 762 2330 770 2372; x_wconf 76' lang='lat' dir='ltr'><strong><em>z</em></strong></span> <span class='ocrx_word' id='word_1_92' title='bbox 801 2302 863 2375; x_wconf 88' lang='lat' dir='ltr'>sed</span> <span class='ocrx_word' id='word_1_93' title='bbox 882 2304 992 2375; x_wconf 86' lang='lat' dir='ltr'>nullis</span> <span class='ocrx_word' id='word_1_94' title='bbox 1011 2304 1072 2384; x_wconf 86' lang='lat' dir='ltr'>ille</span> <span class='ocrx_word' id='word_1_95' title='bbox 1089 2319 1256 2385; x_wconf 71' lang='lat' dir='ltr'>movetur</span> 
     </span>
    </p>

    <p class='ocr_par' dir='ltr' id='par_1_14' title="bbox 274 2415 1112 2507">
     <span class='ocr_line' id='line_1_15' title="bbox 274 2415 1112 2507; baseline -0.002 -18"><span class='ocrx_word' id='word_1_96' title='bbox 274 2415 458 2507; x_wconf 81' lang='lat' dir='ltr'>Fletibus,</span> <span class='ocrx_word' id='word_1_97' title='bbox 478 2434 541 2488; x_wconf 89' lang='lat' dir='ltr'>aut</span> <span class='ocrx_word' id='word_1_98' title='bbox 556 2442 664 2496; x_wconf 86' lang='lat' dir='ltr'>voces</span> <span class='ocrx_word' id='word_1_99' title='bbox 681 2419 773 2497; x_wconf 78' lang='lat' dir='ltr'>ullas</span> <span class='ocrx_word' id='word_1_100' title='bbox 791 2417 982 2496; x_wconf 81' lang='lat' dir='ltr'>tractabilis</span> <span class='ocrx_word' id='word_1_101' title='bbox 1000 2418 1112 2493; x_wconf 88' lang='lat' dir='ltr'>audit.</span> 
     </span>
    </p>

    <p class='ocr_par' dir='ltr' id='par_1_15' title="bbox 276 2531 1271 2628">
     <span class='ocr_line' id='line_1_16' title="bbox 276 2531 1271 2628; baseline 0.004 -25"><span class='ocrx_word' id='word_1_102' title='bbox 276 2531 363 2607; x_wconf 87' lang='lat' dir='ltr'>Fata</span> <span class='ocrx_word' id='word_1_103' title='bbox 382 2531 544 2623; x_wconf 77' lang='lat' dir='ltr'>obstant,</span> <span class='ocrx_word' id='word_1_104' title='bbox 562 2531 794 2628; x_wconf 85' lang='lat' dir='ltr'>placidasque</span> <span class='ocrx_word' id='word_1_105' title='bbox 812 2533 878 2616; x_wconf 77' lang='lat' dir='ltr'>viri</span> <span class='ocrx_word' id='word_1_106' title='bbox 897 2532 988 2614; x_wconf 85' lang='lat' dir='ltr'>deus</span> <span class='ocrx_word' id='word_1_107' title='bbox 1003 2533 1155 2612; x_wconf 81' lang='lat' dir='ltr'>obstruit</span> <span class='ocrx_word' id='word_1_108' title='bbox 1169 2532 1271 2609; x_wconf 85' lang='lat' dir='ltr'>auris.</span> 
     </span>
    </p>

    <p class='ocr_par' dir='ltr' id='par_1_16' title="bbox 276 2643 1270 2741">
     <span class='ocr_line' id='line_1_17' title="bbox 276 2643 1270 2741; baseline -0.004 -20"><span class='ocrx_word' id='word_1_109' title='bbox 276 2643 329 2721; x_wconf 72' lang='lat' dir='ltr'>Ac</span> <span class='ocrx_word' id='word_1_110' title='bbox 348 2647 460 2729; x_wconf 82' lang='lat' dir='ltr'>veluti</span> <span class='ocrx_word' id='word_1_111' title='bbox 479 2672 618 2720; x_wconf 90' lang='lat' dir='ltr'>annoso</span> <span class='ocrx_word' id='word_1_112' title='bbox 636 2647 793 2731; x_wconf 82' lang='lat' dir='ltr'>validam</span> <span class='ocrx_word' id='word_1_113' title='bbox 814 2672 931 2741; x_wconf 85' lang='lat' dir='ltr'>quom</span> <span class='ocrx_word' id='word_1_114' title='bbox 951 2647 1080 2729; x_wconf 87' lang='lat' dir='ltr'>roboro</span> <span class='ocrx_word' id='word_1_115' title='bbox 1098 2670 1270 2740; x_wconf 77' lang='lat' dir='ltr'>quercum</span> 
     </span>
    </p>

    <p class='ocr_par' dir='ltr' id='par_1_17' title="bbox 276 2758 1172 2856">
     <span class='ocr_line' id='line_1_18' title="bbox 276 2758 1172 2856; baseline 0.004 -25"><span class='ocrx_word' id='word_1_116' title='bbox 276 2758 404 2856; x_wconf 78' lang='lat' dir='ltr'>Alpini</span> <span class='ocrx_word' id='word_1_117' title='bbox 424 2762 554 2850; x_wconf 67' lang='lat' dir='ltr'>Boreae</span> <span class='ocrx_word' id='word_1_118' title='bbox 570 2787 667 2835; x_wconf 91' lang='lat' dir='ltr'>nunc</span> <span class='ocrx_word' id='word_1_119' title='bbox 686 2763 771 2841; x_wconf 85' lang='lat' dir='ltr'>hinc</span> <span class='ocrx_word' id='word_1_120' title='bbox 790 2785 889 2836; x_wconf 87' lang='lat' dir='ltr'>nunc</span> <span class='ocrx_word' id='word_1_121' title='bbox 907 2758 1051 2835; x_wconf 87' lang='lat' dir='ltr'>flatibus</span> <span class='ocrx_word' id='word_1_122' title='bbox 1070 2763 1172 2847; x_wconf 79' lang='lat' dir='ltr'>illine</span> 
     </span>
    </p>

    <p class='ocr_par' dir='ltr' id='par_1_18' title="bbox 276 2874 1132 2962">
     <span class='ocr_line' id='line_1_19' title="bbox 276 2874 1132 2962; baseline 0.001 -17"><span class='ocrx_word' id='word_1_123' title='bbox 276 2874 405 2960; x_wconf 75' lang='lat' dir='ltr'>Emere</span> <span class='ocrx_word' id='word_1_124' title='bbox 426 2875 515 2948; x_wconf 90' lang='lat' dir='ltr'>inter</span> <span class='ocrx_word' id='word_1_125' title='bbox 534 2901 571 2958; x_wconf 89' lang='lat' dir='ltr'>se</span> <span class='ocrx_word' id='word_1_126' title='bbox 588 2895 720 2950; x_wconf 84' lang='lat' dir='ltr'>certant</span> <span class='ocrx_word' id='word_1_127' title='bbox 739 2904 749 2953; x_wconf 71' lang='lat' dir='ltr'><em>z</em></span> <span class='ocrx_word' id='word_1_128' title='bbox 779 2876 809 2962; x_wconf 86' lang='lat' dir='ltr'>it</span> <span class='ocrx_word' id='word_1_129' title='bbox 828 2875 980 2958; x_wconf 66' lang='lat' dir='ltr'>stridon</span> <span class='ocrx_word' id='word_1_130' title='bbox 1006 2895 1042 2949; x_wconf 86' lang='lat' dir='ltr'>et</span> <span class='ocrx_word' id='word_1_131' title='bbox 1061 2878 1132 2959; x_wconf 78' lang='lat' dir='ltr'>alte</span> 
     </span>
    </p>

    <p class='ocr_par' dir='ltr' id='par_1_19' title="bbox 277 2988 1187 3085">
     <span class='ocr_line' id='line_1_20' title="bbox 277 2988 1187 3085; baseline 0.002 -23"><span class='ocrx_word' id='word_1_132' title='bbox 277 2988 522 3077; x_wconf 57' lang='lat' dir='ltr'>‚Consternunt</span> <span class='ocrx_word' id='word_1_133' title='bbox 540 3010 667 3076; x_wconf 79' lang='lat' dir='ltr'>terram</span> <span class='ocrx_word' id='word_1_134' title='bbox 687 3015 862 3076; x_wconf 80' lang='lat' dir='ltr'>concusso</span> <span class='ocrx_word' id='word_1_135' title='bbox 881 2991 1002 3085; x_wconf 83' lang='lat' dir='ltr'>stipite</span> <span class='ocrx_word' id='word_1_136' title='bbox 1019 2989 1187 3074; x_wconf 69' lang='lat' dir='ltr'>frondere</span> 
     </span>
    </p>

    <p class='ocr_par' dir='ltr' id='par_1_20' title="bbox 276 3093 1327 3201">
     <span class='ocr_line' id='line_1_21' title="bbox 276 3093 1327 3201; baseline 0.006 -25"><span class='ocrx_word' id='word_1_137' title='bbox 276 3105 363 3201; x_wconf 86' lang='lat' dir='ltr'>lpsa</span> <span class='ocrx_word' id='word_1_138' title='bbox 381 3093 500 3178; x_wconf 81' lang='lat' dir='ltr'>haeret</span> <span class='ocrx_word' id='word_1_139' title='bbox 519 3108 678 3200; x_wconf 90' lang='lat' dir='ltr'>scopulis</span> <span class='ocrx_word' id='word_1_140' title='bbox 704 3134 713 3187; x_wconf 70' lang='lat' dir='ltr'>t</span> <span class='ocrx_word' id='word_1_141' title='bbox 742 3124 806 3195; x_wconf 70' lang='lat' dir='ltr'>et,</span> <span class='ocrx_word' id='word_1_142' title='bbox 819 3126 998 3200; x_wconf 84' lang='lat' dir='ltr'>quantum</span> <span class='ocrx_word' id='word_1_143' title='bbox 1014 3109 1142 3195; x_wconf 83' lang='lat' dir='ltr'>vertice</span> <span class='ocrx_word' id='word_1_144' title='bbox 1160 3103 1208 3189; x_wconf 88' lang='lat' dir='ltr'>ad</span> <span class='ocrx_word' id='word_1_145' title='bbox 1226 3128 1327 3183; x_wconf 78' lang='lat' dir='ltr'>auras</span> 
     </span>
    </p>

    <p class='ocr_par' dir='ltr' id='par_1_21' title="bbox 277 3217 1146 3310">
     <span class='ocr_line' id='line_1_22' title="bbox 277 3217 1146 3310; baseline 0.006 -18"><span class='ocrx_word' id='word_1_146' title='bbox 277 3217 483 3310; x_wconf 72' lang='lat' dir='ltr'>Aetherias,</span> <span class='ocrx_word' id='word_1_147' title='bbox 505 3237 647 3303; x_wconf 85' lang='lat' dir='ltr'>tantum</span> <span class='ocrx_word' id='word_1_148' title='bbox 666 3220 784 3292; x_wconf 87' lang='lat' dir='ltr'>radice</span> <span class='ocrx_word' id='word_1_149' title='bbox 803 3222 843 3291; x_wconf 92' lang='lat' dir='ltr'>in</span> <span class='ocrx_word' id='word_1_150' title='bbox 861 3220 1004 3293; x_wconf 83' lang='lat' dir='ltr'>Tartara</span> <span class='ocrx_word' id='word_1_151' title='bbox 1020 3221 1146 3308; x_wconf 78' lang='lat' dir='ltr'>tendit</span> 
     </span>
    </p>

    <p class='ocr_par' dir='ltr' id='par_1_22' title="bbox 277 3334 1305 3429">
     <span class='ocr_line' id='line_1_23' title="bbox 277 3334 1305 3429; baseline 0.005 -23"><span class='ocrx_word' id='word_1_152' title='bbox 277 3334 388 3415; x_wconf 86' lang='lat' dir='ltr'>Haud</span> <span class='ocrx_word' id='word_1_153' title='bbox 407 3359 505 3407; x_wconf 90' lang='lat' dir='ltr'>secus</span> <span class='ocrx_word' id='word_1_154' title='bbox 523 3334 681 3408; x_wconf 88' lang='lat' dir='ltr'>adsiduis</span> <span class='ocrx_word' id='word_1_155' title='bbox 698 3336 783 3406; x_wconf 91' lang='lat' dir='ltr'>hinc</span> <span class='ocrx_word' id='word_1_156' title='bbox 802 3354 912 3429; x_wconf 87' lang='lat' dir='ltr'>atque</span> <span class='ocrx_word' id='word_1_157' title='bbox 927 3337 1013 3408; x_wconf 89' lang='lat' dir='ltr'>hinc</span> <span class='ocrx_word' id='word_1_158' title='bbox 1029 3336 1181 3425; x_wconf 76' lang='lat' dir='ltr'>vecibus</span> <span class='ocrx_word' id='word_1_159' title='bbox 1198 3336 1305 3421; x_wconf 72' lang='lat' dir='ltr'>heroe</span> 
     </span>
    </p>

    <p class='ocr_par' dir='ltr' id='par_1_23' title="bbox 279 3449 1186 3548">
     <span class='ocr_line' id='line_1_24' title="bbox 279 3449 1186 3548; baseline -0.001 -27"><span class='ocrx_word' id='word_1_160' title='bbox 279 3449 483 3540; x_wconf 82' lang='lat' dir='ltr'>Tunditur,</span> <span class='ocrx_word' id='word_1_161' title='bbox 505 3467 541 3521; x_wconf 91' lang='lat' dir='ltr'>et</span> <span class='ocrx_word' id='word_1_162' title='bbox 560 3474 694 3548; x_wconf 81' lang='lat' dir='ltr'>magno</span> <span class='ocrx_word' id='word_1_163' title='bbox 712 3450 883 3545; x_wconf 74' lang='lat' dir='ltr'>persentit</span> <span class='ocrx_word' id='word_1_164' title='bbox 901 3468 1046 3546; x_wconf 82' lang='lat' dir='ltr'>pectore</span> <span class='ocrx_word' id='word_1_165' title='bbox 1063 3475 1186 3524; x_wconf 75' lang='lat' dir='ltr'>curaer</span> 
     </span>
    </p>

    <p class='ocr_par' dir='ltr' id='par_1_24' title="bbox 278 3562 1272 3767">
     <span class='ocr_line' id='line_1_25' title="bbox 278 3562 1272 3655; baseline 0.006 -19"><span class='ocrx_word' id='word_1_166' title='bbox 278 3562 384 3655; x_wconf 81' lang='lat' dir='ltr'>Mens</span> <span class='ocrx_word' id='word_1_167' title='bbox 401 3565 543 3647; x_wconf 78' lang='lat' dir='ltr'>inmota</span> <span class='ocrx_word' id='word_1_168' title='bbox 561 3583 686 3647; x_wconf 81' lang='lat' dir='ltr'>manet</span> <span class='ocrx_word' id='word_1_169' title='bbox 705 3594 716 3651; x_wconf 74' lang='lat'>3.</span> <span class='ocrx_word' id='word_1_170' title='bbox 745 3564 910 3645; x_wconf 79' lang='lat' dir='ltr'>lacrimae</span> <span class='ocrx_word' id='word_1_171' title='bbox 928 3568 1124 3647; x_wconf 83' lang='lat' dir='ltr'>volvuntur</span> <span class='ocrx_word' id='word_1_172' title='bbox 1139 3566 1272 3651; x_wconf 75' lang='lat' dir='ltr'>inanes.</span> 
     </span>
     <span class='ocr_line' id='line_1_26' title="bbox 335 3677 1140 3767; baseline 0 -17"><span class='ocrx_word' id='word_1_173' title='bbox 335 3678 437 3759; x_wconf 78' lang='lat' dir='ltr'>Turn</span> <span class='ocrx_word' id='word_1_174' title='bbox 454 3704 542 3763; x_wconf 58' lang='lat' dir='ltr'>vero,</span> <span class='ocrx_word' id='word_1_175' title='bbox 560 3678 686 3753; x_wconf 87' lang='lat' dir='ltr'>infelix</span> <span class='ocrx_word' id='word_1_176' title='bbox 704 3677 786 3763; x_wconf 82' lang='lat' dir='ltr'>fatis</span> <span class='ocrx_word' id='word_1_177' title='bbox 805 3680 965 3767; x_wconf 65' lang='lat' dir='ltr'>exterrita</span> <span class='ocrx_word' id='word_1_178' title='bbox 983 3680 1084 3758; x_wconf 90' lang='lat' dir='ltr'>Dido</span> <span class='ocrx_word' id='word_1_179' title='bbox 1131 3682 1140 3709; x_wconf 83' lang='lat'>⁸</span> 
     </span>
    </p>

    <p class='ocr_par' dir='ltr' id='par_1_25' title="bbox 278 3793 1113 3884">
     <span class='ocr_line' id='line_1_27' title="bbox 278 3793 1113 3884; baseline 0 -18"><span class='ocrx_word' id='word_1_180' title='bbox 278 3793 437 3878; x_wconf 84' lang='lat' dir='ltr'>Mortem</span> <span class='ocrx_word' id='word_1_181' title='bbox 454 3812 532 3866; x_wconf 83' lang='lat' dir='ltr'>orat</span> <span class='ocrx_word' id='word_1_182' title='bbox 553 3820 562 3866; x_wconf 77' lang='lat' dir='ltr'><strong><em>z</em></strong></span> <span class='ocrx_word' id='word_1_183' title='bbox 585 3795 704 3869; x_wconf 84' lang='lat' dir='ltr'>taedet</span> <span class='ocrx_word' id='word_1_184' title='bbox 721 3796 814 3877; x_wconf 79' lang='lat' dir='ltr'>coeli</span> <span class='ocrx_word' id='word_1_185' title='bbox 833 3819 994 3884; x_wconf 74' lang='lat' dir='ltr'>convexa</span> <span class='ocrx_word' id='word_1_186' title='bbox 1012 3796 1113 3884; x_wconf 63' lang='lat' dir='ltr'>tueri,</span> 
     </span>
    </p>

    <p class='ocr_par' dir='ltr' id='par_1_26' title="bbox 279 3906 1324 4014">
     <span class='ocr_line' id='line_1_28' title="bbox 279 3906 1324 4014; baseline 0.003 -34"><span class='ocrx_word' id='word_1_187' title='bbox 279 3906 369 4014; x_wconf 78' lang='lat' dir='ltr'>Quo</span> <span class='ocrx_word' id='word_1_188' title='bbox 387 3909 502 4006; x_wconf 81' lang='lat' dir='ltr'>magis</span> <span class='ocrx_word' id='word_1_189' title='bbox 518 3909 707 4004; x_wconf 84' lang='lat' dir='ltr'>inceptum</span> <span class='ocrx_word' id='word_1_190' title='bbox 725 3928 888 4009; x_wconf 80' lang='lat' dir='ltr'>peragat,</span> <span class='ocrx_word' id='word_1_191' title='bbox 907 3913 1103 4004; x_wconf 84' lang='lat' dir='ltr'>lucemque</span> <span class='ocrx_word' id='word_1_192' title='bbox 1118 3911 1324 4008; x_wconf 79' lang='lat' dir='ltr'>relinquat,</span> 
     </span>
    </p>

    <p class='ocr_par' dir='ltr' id='par_1_27' title="bbox 279 4013 1321 4121">
     <span class='ocr_line' id='line_1_29' title="bbox 279 4013 1321 4121; baseline 0.005 -25"><span class='ocrx_word' id='word_1_193' title='bbox 279 4021 407 4114; x_wconf 86' lang='lat' dir='ltr'>Vidit,</span> <span class='ocrx_word' id='word_1_194' title='bbox 426 4023 625 4110; x_wconf 68' lang='lat' dir='ltr'>turicremis</span> <span class='ocrx_word' id='word_1_195' title='bbox 643 4047 761 4117; x_wconf 89' lang='lat' dir='ltr'>quom</span> <span class='ocrx_word' id='word_1_196' title='bbox 780 4025 879 4109; x_wconf 81' lang='lat' dir='ltr'>dona</span> <span class='ocrx_word' id='word_1_197' title='bbox 898 4026 1090 4121; x_wconf 85' lang='lat' dir='ltr'>inponeret</span> <span class='ocrx_word' id='word_1_198' title='bbox 1105 4026 1195 4118; x_wconf 85' lang='lat' dir='ltr'>aris,</span> <span class='ocrx_word' id='word_1_199' title='bbox 1317 4013 1321 4020; x_wconf 40' lang='lat'><strong>¹</strong></span> 
     </span>
    </p>

    <p class='ocr_par' dir='ltr' id='par_1_28' title="bbox 283 4138 1181 4238">
     <span class='ocr_line' id='line_1_30' title="bbox 283 4138 1181 4238; baseline 0.007 -29"><span class='ocrx_word' id='word_1_200' title='bbox 283 4138 537 4233; x_wconf 83' lang='lat' dir='ltr'>(Honendum</span> <span class='ocrx_word' id='word_1_201' title='bbox 558 4138 683 4233; x_wconf 72' lang='lat' dir='ltr'>dictu)</span> <span class='ocrx_word' id='word_1_202' title='bbox 698 4139 819 4226; x_wconf 86' lang='lat' dir='ltr'>latices</span> <span class='ocrx_word' id='word_1_203' title='bbox 837 4140 1029 4238; x_wconf 79' lang='lat' dir='ltr'>nigrescere</span> <span class='ocrx_word' id='word_1_204' title='bbox 1046 4165 1181 4233; x_wconf 87' lang='lat' dir='ltr'>sac-ros,</span> 
     </span>
    </p>

    <p class='ocr_par' dir='ltr' id='par_1_29' title="bbox 279 4252 1219 4347">
     <span class='ocr_line' id='line_1_31' title="bbox 279 4252 1219 4347; baseline 0.003 -21"><span class='ocrx_word' id='word_1_205' title='bbox 279 4252 445 4347; x_wconf 86' lang='lat' dir='ltr'>Fusaque</span> <span class='ocrx_word' id='word_1_206' title='bbox 462 4253 501 4327; x_wconf 87' lang='lat' dir='ltr'>in</span> <span class='ocrx_word' id='word_1_207' title='bbox 521 4252 721 4326; x_wconf 88' lang='lat' dir='ltr'>obscenum</span> <span class='ocrx_word' id='word_1_208' title='bbox 738 4278 776 4327; x_wconf 88' lang='lat' dir='ltr'>se</span> <span class='ocrx_word' id='word_1_209' title='bbox 793 4274 925 4329; x_wconf 85' lang='lat' dir='ltr'>vertere</span> <span class='ocrx_word' id='word_1_210' title='bbox 943 4256 1027 4327; x_wconf 85' lang='lat' dir='ltr'>vina</span> <span class='ocrx_word' id='word_1_211' title='bbox 1046 4281 1219 4336; x_wconf 83' lang='lat' dir='ltr'>cruorem.</span> 
     </span>
    </p>

    <p class='ocr_par' dir='ltr' id='par_1_30' title="bbox 281 4367 1162 4464">
     <span class='ocr_line' id='line_1_32' title="bbox 281 4367 1162 4464; baseline 0.003 -23"><span class='ocrx_word' id='word_1_212' title='bbox 281 4367 366 4454; x_wconf 81' lang='lat' dir='ltr'>Hoc</span> <span class='ocrx_word' id='word_1_213' title='bbox 383 4368 502 4451; x_wconf 83' lang='lat' dir='ltr'>visum</span> <span class='ocrx_word' id='word_1_214' title='bbox 521 4369 633 4458; x_wconf 84' lang='lat' dir='ltr'>nulli,</span> <span class='ocrx_word' id='word_1_215' title='bbox 661 4393 739 4440; x_wconf 93' lang='lat' dir='ltr'>non</span> <span class='ocrx_word' id='word_1_216' title='bbox 755 4369 826 4464; x_wconf 75' lang='lat' dir='ltr'>ipsi</span> <span class='ocrx_word' id='word_1_217' title='bbox 846 4369 948 4447; x_wconf 87' lang='lat' dir='ltr'>effata</span> <span class='ocrx_word' id='word_1_218' title='bbox 966 4372 1078 4458; x_wconf 76' lang='lat' dir='ltr'>sorori</span> <span class='ocrx_word' id='word_1_219' title='bbox 1099 4389 1162 4456; x_wconf 76' lang='lat' dir='ltr'>est</span> 
     </span>
    </p>

    <p class='ocr_par' dir='ltr' id='par_1_31' title="bbox 281 4481 1194 4582">
     <span class='ocr_line' id='line_1_33' title="bbox 281 4481 1194 4582; baseline 0.007 -26"><span class='ocrx_word' id='word_1_220' title='bbox 281 4482 462 4556; x_wconf 84' lang='lat' dir='ltr'>Praeterea</span> <span class='ocrx_word' id='word_1_221' title='bbox 482 4483 552 4557; x_wconf 89' lang='lat' dir='ltr'>fuit</span> <span class='ocrx_word' id='word_1_222' title='bbox 570 4484 610 4561; x_wconf 86' lang='lat' dir='ltr'>in</span> <span class='ocrx_word' id='word_1_223' title='bbox 628 4483 732 4567; x_wconf 66' lang='lat' dir='ltr'>tectis</span> <span class='ocrx_word' id='word_1_224' title='bbox 747 4481 794 4563; x_wconf 73' lang='lat' dir='ltr'>&lt;le</span> <span class='ocrx_word' id='word_1_225' title='bbox 812 4510 991 4570; x_wconf 71' lang='lat' dir='ltr'>marmore</span> <span class='ocrx_word' id='word_1_226' title='bbox 1009 4489 1194 4582; x_wconf 88' lang='lat' dir='ltr'>templum</span> 
     </span>
    </p>

    <p class='ocr_par' dir='ltr' id='par_1_32' title="bbox 282 4597 1218 4699">
     <span class='ocr_line' id='line_1_34' title="bbox 282 4597 1218 4699; baseline 0.001 -15"><span class='ocrx_word' id='word_1_227' title='bbox 282 4597 460 4699; x_wconf 73' lang='lat' dir='ltr'>conjugis</span> <span class='ocrx_word' id='word_1_228' title='bbox 479 4599 639 4694; x_wconf 75' lang='lat' dir='ltr'>antiqui,</span> <span class='ocrx_word' id='word_1_229' title='bbox 657 4600 753 4687; x_wconf 81' lang='lat' dir='ltr'>miro.</span> <span class='ocrx_word' id='word_1_230' title='bbox 772 4601 876 4696; x_wconf 76' lang='lat' dir='ltr'>quod</span> <span class='ocrx_word' id='word_1_231' title='bbox 891 4602 1031 4690; x_wconf 72' lang='lat' dir='ltr'>bonore</span> <span class='ocrx_word' id='word_1_232' title='bbox 1049 4600 1192 4686; x_wconf 78' lang='lat' dir='ltr'>colebat</span> <span class='ocrx_word' id='word_1_233' title='bbox 1201 4625 1218 4696; x_wconf 55' lang='lat'>,⁴</span> 
     </span>
    </p>
   </div>
   <div class='ocr_carea' id='block_1_3' title="bbox 0 0 1897 6212">
    <p class='ocr_par' dir='ltr' id='par_1_33' title="bbox 0 0 1897 6212">
     <span class='ocr_line' id='line_1_35' title="bbox 0 0 1897 6212; baseline 0 0"><span class='ocrx_word' id='word_1_234' title='bbox 0 0 1897 6212; x_wconf 95' lang='lat' dir='ltr'> </span> 
     </span>
    </p>
   </div>
  </div>
 </body>
</html>
