3750 6217
529 719 976 820 AENEiDOS
1034 745 1093 817 11.
1151 769 1184 817 v:
1235 720 1326 838 5595

330 908 502 1001 Obtulit,
525 929 559 982 et
579 936 667 1004 pura
688 936 751 1005 per
769 927 915 981 noctem
935 910 974 979 in
992 912 1070 982 luce
1087 909 1224 999 refulsit

331 1028 438 1100 Alma
454 1050 599 1122 parens,
624 1026 786 1098 consessa
804 1026 931 1104 deam}
956 1027 1144 1121 qualisque
1163 1025 1275 1096 videri

332 1144 551 1233 Coelicoiis,
575 1160 610 1213 et
630 1162 763 1234 quanta
783 1142 874 1214 solet
892 1162 899 1208 5
930 1135 1123 1234 dextraque·
1140 1125 1357 1236 preiren'sum

332 1258 545 1348 Continuit,
570 1260 749 1353 roseoque
769 1258 855 1328 haec
873 1258 1019 1349 insuper
1036 1254 1175 1328 addidit
1194 1282 1278 1327 ore:

389 1376 502 1464 Nate,
525 1374 607 1467 quis
627 1373 824 1444 indomitas
844 1388 963 1443 tantus
981 1371 1088 1442 dolor
1106 1372 1233 1443 excitat
1253 1371 1351 1441 iras?

332 1490 432 1599 Quid
452 1490 566 1560 furis.
559 1490 575 1541 Ρ
600 1499 664 1558 aiut
682 1500 846 1598 quonam
867 1488 978 1565 nostri
996 1487 1063 1559 tibi
1084 1500 1165 1557 cura
1184 1470 1352 1557 recessit?

302 1592 305 1600 ¹
332 1602 420 1677 Non
440 1606 539 1711 prius
558 1590 754 1701 adspiciet,
779 1591 842 1673 ubi
861 1588 995 1674 fessum
1016 1622 1126 1674 aetate
1146 1620 1331 1697 parentem

333 1702 498 1833 Liqueris
515 1719 723 1791 Anchisen
715 1720 731 1771 i‘
762 1725 903 1814 superet
923 1723 1129 1825 conjunxne
1149 1716 1299 1806 Creiisa3

332 1822 579 1929 Ascaniusque
597 1860 710 1929 puer
702 1836 719 1886 ⁹
750 1858 844 1929 quos
865 1850 993 1904 ornnes
1017 1834 1181 1927 undique
1202 1830 1325 1902 Graiae

334 1948 479 2024 Crrcrm
499 1970 611 2022 errant
631 1976 749 2024 acres
780 1968 835 2040 et,
860 1948 897 2018 ni
918 1970 1000 2019 mea
1020 1974 1100 2020 cura
1120 1950 1276 2035 resistat,

329 2052 412 2158 Jam
432 2067 599 2138 flammae
618 2068 781 2155 tulerint,
805 2064 974 2136 iuimicus
996 2086 1030 2136 et
1049 2046 1202 2137 hauserit
1221 2062 1324 2135 ensis.

333 2178 421 2283 Non
439 2168 505 2255 tibi
524 2178 741 2293 Tyndaridis
761 2180 892 2254 iacies
885 2180 998 2251 rn'visa
1016 2176 1218 2273 Lacaenae,

335 2276 555 2401 Culpatusve
575 2286 692 2376 Ρ5555,
717 2288 841 2369 divdm
860 2298 1111 2385 inclementia,
1135 2290 1259 2366 divdm

335 2412 409 2488 Has
427 2414 550 2486 evertit
569 2432 679 2508 opes,
703 2414 896 2506 sternitque
916 2438 935 2482 a
954 2398 1114 2482 cuimine
1131 2391 1290 2481 Troiam.

334 2516 522 2625 Adspice:
553 2538 711 2623 namque
731 2542 901 2615 omnem,
925 2554 1016 2619 quae
1036 2550 1134 2597 nunc
1155 2512 1338 2596 o'bduc'ta'
1329 2528 1443 2595 tuenti

334 2628 496 2717 Mortalis
515 2638 709 2716 hebetat
676 2668 772 2717 visus
789 2642 879 2731 tibi,
904 2663 940 2714 et
957 2622 1106 2713 itumida
1122 2641 1255 2713 circum

335 2758 493 2887 6555855,
510 2742 648 2830 'nubent
667 2759 839 2855 eripia'm;
863 2775 903 2827 tu
923 2783 969 2828 ne
987 2782 1059 2851 qua
1077 2757 1235 2887 parentis

329 2872 478 2979 Jus'sa
454 2894 563 2962 trme,
583 2896 656 2944 neu
676 2858 872 2967 praeceptis
892 2895 1010 2968 parere
1027 2878 1172 2943 recusa.

332 2970 424 3078 Hic,
441 2987 507 3059 ubi
527 2982 593 3088 disj
597 2994 689 3060 ect'as
708 2988 845 3076 nioles,
862 2989 1056 3081 avolsaque
1075 2987 1167 3059 saxis

333 3089 466 3176 Saxa
443 3017 593 3193 vides,J
589 3102 783 3197 mixtoque
799 3102 1000 3174 undantem
1020 3100 1166 3202 pulvere
1184 3099 1354 3199 funium,

333 3210 529 3314 Neptunus
547 3228 694 3308 rnuros',
719 3223 927 3319 magnoque
946 3219 1065 3288 emota
1085 3202 1229 3289 tridenti

331 3321 585 3406 Fundamenta
606 3334 747 3427 qu'atit;
777 3338 968 3426 totamque
988 3325 1034 3403 ab
1053 3331 1197 3405 sedibus
1215 3322 1343 3404 urbem

332 3448 443 3522 Emit.
480 3434 537 3521 hic
553 3440 653 3537 Juno
671 3448 794 3521 Scaeas
812 3449 1013 3520 saevissima
1032 3466 1153 3542 portas

333 3545 452 3637 i'rima
470 3583 585 3659 tenet,
609 3564 823 3660 sociurn'que
841 3561 961 3636 furens
980 3584 1001 3634 5
1020 3562 1171 3636 navibus
1191 3566 1324 3663 agmen

333 3662 439 3752 Ferro
459 3648 620 3753 adcincta
637 3699 752 3752 vocat

330 3780 414 3886 Jam
432 3800 593 3869 summas
610 3801 704 3869 arces
721 3771 887 3871 Tritonia
897 3797 1083 3892 ,re's'pice,
1108 3774 1225 3867 Pallas

335 3892 497 4002 Insedit,
520 3910 650 3982 nimbo
672 3910 844 4019 effulgens
860 3926 896 3985 e't
916 3913 1087 4011 Gorgone
1106 3935 1216 3982 saeva

336 4020 424 4122 Ipse
443 4042 543 4123 pater
560 4018 694 4099 Danais
713 4027 856 4101 animos
875 4029 1037 4122 viresque
1054 4026 1226 4099 secundas

337 4138 505 4214 Sufficit.
536 4143 614 4238 ipse
633 4142 750 4214 deos
741 4164 780 4212 rn
797 4142 963 4215 Dardana
982 4142 1126 4217 suscitat
1143 4144 1249 4212 arina·

338 4236 466 4352 Eripe,
486 4274 568 4328 nate
579 4254 760 4356 ‚fugam
784 4257 999 4352 finem'que
990 4282 1128 4354 inpone
1148 4256 1274 4327 labori:

338 4364 532 4466 Nusquan't
549 4312 681 4463 aiiero,
704 4389 739 4445 et
757 4388 878 4447 tutum
896 4377 1012 4470 patrio
1032 4387 1067 4446 te¹
1087 4374 1213 4444 limine
1234 4370 1364 4450 sistam

338 4465 514 4558 Dixerat:
545 4505 580 4561 et
599 4490 722 4584 spissis
741 4490 858 4562 noctis
879 4514 916 4562 se
933 4472 1099 4562 condidit
1115 4476 1261 4561 5555555555.

339 4599 525 4697 Adparent
541 4603 635 4678 dirae
653 4602 816 4697 faties,
807 4607 1027 4701 inimicaque
1046 4602 1177 4677 Troiae
1268 4620 1270 4625 ’
1296 4646 1299 4651 -

1203 4719 1237 4791 U
1270 4741 1290 4793 5

1451 744 1535 831 155
