3750 6217
522 719 973 830 AENElDOS
1030 721 1200 807 Ixu
1251 733 1344 823 655.
1460 744 1545 824 ’399

332 900 546 1000 Adgnove're
565 901 677 973 deum
697 904 861 997 proceres
879 899 1074 994 divinaque
1092 901 1163 972 te'la

332 1017 580 1106 Dardanidae,
600 1018 876 1114 pharetramque
891 1015 977 1114 fuga
996 1023 1132 1087 sensere
1150 1016 1352 1088 sonantem.

332 1133 426 1229 Ergo
448 1122 598 1202 avidum
620 1141 792 1231 pugnae,
814 1132 919 1203 dictis
941 1154 982 1201 ac
1005 1130 1157 1201 numine
1181 1128 1346 1219 Phoebi,

331 1247 528 1319 Ascanium
548 1247 771 1342 prohibenti
801 1246 872 1341 ipsi
898 1247 936 1316 in
959 1248 1149 1317 certamina
1166 1269 1286 1317 rursus

333 1360 560 1451 Succedunt,
583 1363 794 1456 animasque
815 1364 853 1432 in
877 1377 996 1456 aperta
1017 1360 1174 1453 pericula
1198 1359 1357 1431 mittunt.

334 1476 369 1548 It
389 1478 526 1547 clamor
545 1477 632 1547 totis
651 1502 715 1571 per
734 1477 1008 1576 propugnacula
1028 1477 1158 1546 murIs:

336 1589 537 1661 Intendunt
555 1593 643 1663 acris
664 1616 789 1681 arcus,
814 1597 1030 1683 amentaque
1051 1609 1232 1684 torquent.

334 1702 504 1776 Sternitur
523 1730 634 1777 omne
652 1708 773 1778 solum
792 1694 873 1778 telis
893 1727 901 1774 t
930 1717 1011 1777 tum
1032 1720 1148 1795 scuta,
1174 1719 1353 1798 cavaeque

335 1819 433 1891 Dant
457 1820 619 1891 sonitum
643 1820 744 1893 flictu
760 1811 912 1919 'galeaet
943 1830 1064 1918 pugna
1087 1845 1209 1915 aspera
1229 1819 1360 1918 surgltt

337 1932 507 2038 Quantus
529 1930 574 2006 ab
596 1955 725 2008 occasu
746 1937 893 2008 veniens
915 1935 1137 2030 pluvialibus
1158 1935 1294 2007 Haedis

336 2047 511 2120 Verberat
533 2049 649 2122 imbe'r
669 2052 826 2121 huniurn
850 2073 858 2118 ε
889 2072 1001 2144 quam
1024 2051 1138 2121 multa
1157 2049 1332 2148 grandine
1350 2045 1469 2119 nimbi

335 2165 381 2234 Iu
403 2163 494 2234 vada
519 2156 777 2259 praecipitante
804 2173 919 2258 quom
941 2164 1110 2260 Jupplter
1130 2164 1295 2235 horridus
1314 2163 1453 2235 Austris

336 2278 504 2372 Torquet
522 2270 696 2371 aquosam
714 2280 899 2369 hiemem,
926 2289 961 2350 et
981 2267 1086 2350 coelo
1107 2303 1191 2350 cava
1210 2278 1338 2350 nubila
1355 2276 1502 2372 rumpit.

394 2392 576 2466 Pandarus
594 2411 628 2465 et
649 2394 775 2484 Bitias,
800 2391 913 2464 Idaeo
929 2391 1104 2465 Alcanore
1124 2395 1231 2485 creti,

336 2507 445 2614 Quos
461 2506 561 2615 Jovis
580 2508 705 2581 eduxit
722 2508 807 2579 lu‘co
827 2508 992 2602 silvestris
1012 2507 1108 2578 laera

336 2621 528 2696 Abietibus
543 2625 693 2722 juvenes
710 2624 831 2718 patriis
852 2629 887 2694 et
905 2617 1095 2695 montibus
1113 2637 1270 2718 aequos,

338 2738 507 2828 Portam,
529 2763 621 2832 quae
643 2730 749 2838 'ducis
762 2738 915 2833 irnperio
937 2737 1138 2828 conmissa,
1158 2738 1366 2822 ‘recludunt¹

338 2854 428 2924 Freti
449 2853 574 2939 annis,
600 2852 770 2946 ultroque
791 2854 942 2924 invitant
961 2851 1158 2923 moenibus
1175 2853 1330 2924 hosternr

339 2968 414 3063 lpsi
430 2969 526 3038 intus
545 2966 666 3039 dextra
683 2992 723 3038 ac
741 2969 839 3038 laeva
856 2991 922 3061 pro
943 2960 1097 3038 turribus
1114 2965 1256 3039 adstant

337 3069 473 3153 Armati
494 3079 608 3171 ferr0,
631 3100 666 3153 et
683 3081 794 3154 cristis
814 3082 929 3175 capita
951 3082 1021 3152 alta
1040 3081 1195 3153 coruscir

337 3195 474 3301 Quales
493 3194 604 3267 a'eriae
621 3196 794 3290 liquentia
811 3183 964 3267 flumina
982 3196 1135 3286 circum,

338 3310 418 3383 Sive
439 3310 527 3383 Padi
546 3312 652 3406 ripiS,
675 3310 838 3384 Athesim
860 3336 921 3382 seu
940 3323 1088 3406 'propter
1106 3322 1327 3402 amoenum,

340 3424 575 3527 Consurgunt
592 3427 757 3526 geminae
775 3437 945 3520 quercus,
968 3413 1184 3521 intonsaque
1204 3428 1310 3498 coelo

339 3539 535 3614 Adtollunt
552 3544 687 3638 capita,
713 3556 748 3612 et
765 3540 917 3642 *sublimi
936 3541 1066 3612 vertice
1086 3555 1222 3613 nutant.

341 3655 587 3751 Inmmpunt,
611 3659 729 3730 aditus
748 3645 876 3729 Ruurli
896 3666 938 3728 ut
956 3654 1077 3727 videre
1098 3656 1262 3750 patentis.

341 3769 530 3842 Continuo
553 3770 760 3875 Quercens,
785 3787 821 3843 et
839 3772 990 3869 pulcher
1010 3759 1213 3865 Aquiculus
1232 3769 1359 3858 armis,

342 3883 386 3954 Et
404 3903 575 3978 praeceps
592 3885 705 3956 ani'r'ni
724 3885 901 3975 Tmarus,
924 3901 961 3958 et
978 3883 1175 3957 Mavortius
1194 3883 1383 3976 Haemon,

342 3993 562 4097 Agminibus
580 4000 666 4071 totis
685 4018 747 4070 aut
763 4002 854 4074 versi
872 4018 967 4099 terga
982 3997 1133 4089 dedere,

340 4110 417 4183 Aut
435 4110 517 4207 ipso
538 4129 663 4205 portae
680 4137 835 4207 posuere
854 4116 893 4185 ln
914 4115 1042 4186 limine
1060 4116 1182 4210 vitam.

343 4222 441 4296 Tum
462 4226 577 4324 magis
596 4226 798 4298 increscunt
815 4230 947 4301 animis
966 4221 1192 4302 discordibus
1211 4228 1306 4320 irae,'

342 4337 387 4411 Et
398 4342 477 4440 jam
498 4341 651 4414 conlecti
670 4339 784 4413 Troes
804 4343 1049 4441 glomerantur
1064 4344 1220 4435 eodem,

342 4451 388 4525 Et
407 4453 566 4527 conferre
585 4479 763 4545 manum,
785 4475 822 4528 et
838 4479 1043 4552 procurrere
1061 4459 1207 4557 longius
1222 4453 1364 4531 audent.

342 4567 492 4642 Ductori
511 4567 661 4662 Turno,
682 4571 818 4643 diversa
838 4571 879 4642 iu
897 4589 995 4666 parte
1014 4570 1170 4661 furenti,

1203 4684 1268 4757 Tr
