3750 6217
717 750 817 826 82
997 744 2043 822 GEonorcoN
2160 747 2352 819 111.
2469 772 2536 825 v.
2642 770 2826 843 ης.

713 915 959 987 Durus
995 939 1199 987 amor
1238 917 1272 984 ?
1329 940 1597 1011 nempe
1636 915 1957 1010 abruptis
1996 916 2275 988 turbata
2314 914 2653 1008 procellis

713 1031 947 1103 Nocte
983 1049 1174 1103 natat
1207 1056 1406 1103 caeca
1448 1056 1639 1104 serus
1674 1029 1843 1105 freta
1890 1060 1905 1101 ε
1968 1056 2190 1126 quem
2230 1054 2440 1124 super
2477 1030 2733 1127 ingens

713 1148 926 1219 Porta
963 1164 1168 1219 tonat
1197 1148 1381 1220 coeli
1411 1202 1432 1237 ,
1479 1165 1549 1217 et
1586 1148 1908 1241 scopulis
1945 1148 2150 1218 inlisa
2187 1149 2575 1219 reclamant
2622 1192 2633 1201 ·

711 1263 1092 1357 Aequora;
1134 1288 1265 1333 nec
1298 1262 1538 1339 miseri
1578 1283 1890 1357 possunt
1931 1288 2253 1335 revocare
2287 1278 2647 1358 parentes,

713 1378 869 1450 Nec
902 1379 1247 1451 moritura
1289 1404 1501 1473 super
1535 1377 1801 1452 crudeli
1841 1378 2084 1450 funere
2121 1380 2343 1477 virgo·

715 1494 923 1598 Quid
966 1497 1208 1587 lynces
1248 1495 1500 1566 Bacchi
1532 1495 1803 1583 variae,
1844 1517 1917 1565 et
1960 1519 2181 1592 genus
2221 1514 2374 1564 acre
2418 1495 2804 1588 luporum,

710 1609 953 1703 Atque
986 1635 1251 1687 canum
1289 1612 1323 1681 ?
1383 1609 1561 1703 quid
1604 1611 1637 1678 Ρ
1698 1634 1882 1702 quae
1917 1609 2220 1681 inbelles
2260 1609 2434 1682 dant
2470 1609 2746 1702 proelia
2786 1607 3035 1687 cervi?

825 1724 1105 1797 Scilicet
1142 1745 1307 1797 ante
1355 1724 1595 1796 omnis
1633 1722 1827 1795 furor
1865 1744 1972 1797 est
2011 1717 2305 1823 insignis
2345 1749 2729 1817 equarum:

712 1841 805 1921 Et
831 1860 1156 1920 mentem
1195 1839 1448 1919 Venus
1481 1840 1635 1935 ipsa
1674 1840 1875 1913 dedit
1900 1896 1921 1931 ,
1963 1866 2112 1935 quo
2145 1858 2474 1934 tempore
2516 1838 2774 1910 Glauci

711 1959 1104 2031 Potniades
1143 1956 1353 2029 malis
1390 1956 1716 2027 membra
1753 1957 2158 2029 absumsere
2200 1955 2601 2052 quadrigae.

716 2075 888 2146 Illas
929 2073 1129 2145 ducit
1165 2099 1371 2144 amor
1410 2090 1599 2144 trans
1637 2071 1934 2171 Gargara
1960 2127 1979 2162 ‚
2020 2092 2360 2165 transque
2405 2089 2782 2142 sonantem

711 2187 1104 2269 Ascanium
1150 2217 1165 2256 ε
1226 2205 1558 2283 superant
1605 2180 1896 2261 montes
1924 2243 1946 2277 ,
2002 2206 2072 2258 et
2116 2186 2421 2257 flumina
2469 2203 2763 2259 tranant.

715 2304 1242 2399 Continuoque
1282 2303 1508 2375 avidis
1558 2302 1686 2373 ubi
1735 2304 2019 2375 subdita
2065 2301 2358 2374 flamma
2403 2302 2789 2393 medulliS,

713 2420 906 2492 Vere
939 2421 1203 2518 magis,
1244 2420 1417 2512 quia
1454 2444 1612 2489 vere
1654 2420 1846 2490 calor
1881 2418 2063 2491 redit
2103 2418 2382 2492 ossibus
2407 2473 2428 2507 ,
2479 2418 2641 2488 illae

712 2536 861 2608 Ore
906 2559 1164 2607 omnes
1196 2560 1432 2607 versae
1472 2535 1548 2607 in
1588 2533 2006 2630 Zephyrum
2050 2551 2236 2608 stant
2268 2533 2572 2629 rupibus
2605 2532 2806 2621 altis,
2902 2522 2909 2537 ’

707 2650 1261 2746 'Exceptantque
1301 2651 1471 2723 levis
1509 2674 1707 2721 auras
1753 2677 1769 2727 z
1829 2669 1900 2722 et
1941 2676 2150 2745 saepe
2190 2651 2343 2722 sine
2381 2648 2553 2723 ullis
2768 2632 2807 2641 ‘-

711 2766 1095 2865 Conjugiis
1132 2785 1347 2838 vento
1390 2765 1710 2865 gravidae
1749 2765 2127 2860 (mirabile
2168 2765 2365 2837 dictu
2397 2767 2425 2858 )

709 2881 892 2953 Saxa
929 2907 1057 2976 per
1094 2900 1163 2953 et
1201 2884 1545 2978 scopulos
1584 2900 1654 2954 et
1693 2882 2055 2978 depressas
2094 2880 2442 2954 convallis

706 2996 1163 3096 Diffugiunt;
1210 3023 1362 3069 non
1389 3053 1410 3088 ,
1452 2998 1682 3087 Eure,
1727 3017 1936 3089 tuos,
1979 3022 2216 3094 neque
2256 2997 2429 3069 solis
2468 2994 2559 3067 ad
2603 3013 2840 3076 ortus;

707 3113 804 3183 In
844 3114 1116 3185 Borean
1153 3113 1652 3208 Caurumque‚
1704 3135 1826 3188 aut
1857 3112 2052 3186 unde
2090 3112 2507 3211 nigerrimus
2539 3110 2791 3183 Auster

707 3226 1040 3298 Nascitur
1067 3282 1088 3316 ‚
1140 3246 1212 3299 et
1247 3231 1501 3323 pluvio
1544 3232 1912 3302 contristat
1954 3230 2212 3328 frigore
2259 3229 2566 3307 eoelum.

707 3336 853 3412 Hic
894 3341 1200 3411 demum
1223 3396 1243 3430 ‚
1299 3343 1781 3437 hippomanes
1813 3370 1980 3414 vero
2031 3344 2235 3437 quod
2276 3343 2578 3415 nomine
2616 3341 2871 3419 dicunt

708 3454 1032 3526 Pastores
1063 3510 1083 3544 ‚
1129 3456 1407 3527 lentum
1458 3458 1772 3528 destillat
1813 3457 1904 3529 ab
1946 3459 2236 3557 inguine
2270 3461 2499 3536 virus:

706 3569 1214 3666 Hippomanes
1243 3625 1265 3659 ‚
1318 3571 1524 3664 quod
1565 3597 1775 3667 saepe
1818 3575 2051 3643 malae
2091 3575 2318 3673 legere
2362 3599 2752 3664 novercae,

705 3685 1295 3781 Miscueruntque
1327 3687 1578 3758 herbas
1621 3706 1694 3758 et
1734 3712 1889 3758 non
1929 3689 2226 3758 innoxia
2263 3691 2496 3773 verba,

818 3801 961 3872 Sed
1007 3801 1189 3900 fugit
1235 3803 1541 3893 interea,
1590 3800 1777 3902 fugit
1819 3804 2284 3899 inreparabile
2332 3824 2624 3903 tempus
2652 3858 2681 3897 ,
