3750 6217
529 702 1326 801 Aruernosru.t94
1455 704 1531 795 ιη

388 897 411 926 ⁶⁸
425 842 649 945 Dardariidre
666 867 767 958 duri,
788 894 878 962 quae
898 893 964 940 vos
985 894 1005 939 a
1027 870 1134 964 stirpe
1155 891 1345 964 parentum

331 985 485 1057 „Prima
504 984 588 1055 tulit
609 984 739 1074 tellus,
764 984 889 1053 eadem
909 1007 976 1053 vos
995 983 1102 1055 ubere
1123 988 1216 1056 laeto

331 1143 355 1171 2,
369 1098 537 1195 Adcipiet
556 1098 713 1181 reduces.
750 1098 937 1191 antiquam
961 1099 1135 1191 exquirite
1156 1120 1318 1181 matrem.

331 1257 354 1287 u
371 1212 439 1286 Hic
461 1214 595 1286 domus
615 1214 755 1285 Aeneae
780 1213 916 1285 cunctis
936 1212 1184 1286 dominabitur
1209 1216 1302 1305 oris,

332 1373 355 1401 ῃ
371 1331 415 1401 Et
435 1331 507 1400 nati
530 1349 697 1413 natorum
715 1382 725 1419 ,
746 1346 782 1399 et
800 1328 863 1421 qui
885 1346 1071 1399 nascentur
1088 1330 1133 1400 ab
1151 1330 1231 1403 illis.
1245 1371 1269 1401 u

389 1445 487 1516 Haec
506 1443 673 1516 Phoebus
697 1473 704 1512 :
734 1444 924 1535 mixtoque
945 1443 1070 1539 ingens
1093 1463 1213 1519 exorta
1232 1449 1391 1519 tumultu

331 1561 482 1632 Laetitia
505 1589 511 1639 ;
543 1579 577 1631 et
597 1561 736 1650 cuncti,
763 1585 854 1653 quae
875 1558 946 1629 sint
966 1585 1007 1628 ea
1024 1561 1191 1649 moenia,
1211 1584 1404 1654 quaerunt3

332 1676 420 1780 Quo
441 1675 610 1747 Phoebus
630 1695 734 1745 vocet
754 1674 922 1761 errantis,
945 1674 1141 1771 jubeatque
1158 1678 1292 1749 reverti.

331 1790 431 1861 Tum
451 1791 606 1890 genitor,
628 1810 789 1861 veterum
810 1790 958 1861 volvens
978 1782 1218 1863 monumenta
1234 1793 1417 1884 virorum,

331 1906 487 1995 Audite,
514 1932 537 1976 o
556 1930 740 2000 proceres,
760 1905 831 1993 ait,
854 1922 890 1974 et
909 1929 991 2000 spes
1013 1905 1137 1977 discite
1154 1926 1291 1983 vestras.

333 2022 437 2093 Creta
452 2021 555 2110 Jovis
578 2020 700 2119 magni
722 2020 846 2091 medio
863 2021 958 2117 jacet
977 2021 1092 2091 insula
1113 2042 1257 2115 ponto;

331 2136 442 2208 Mons
461 2137 588 2209 idaeus
609 2137 693 2225 ubi,
719 2155 754 2208 et
771 2134 885 2233 gentis
903 2135 1079 2207 cunabula
1098 2156 1247 2213 nostrae.

333 2250 491 2323 Centum
511 2253 615 2323 urbes
636 2251 797 2323 habitant
814 2272 979 2347 magnas,
1002 2251 1177 2322 uberrima
1197 2278 1329 2353 regnac

331 2367 528 2439 Maxumus
547 2366 644 2438 unde
666 2386 787 2462 pater,
812 2366 840 2438 si
858 2365 922 2436 rite
940 2366 1059 2437 audita
1077 2369 1264 2457 recordor,

332 2483 491 2555 Teucrus
511 2483 687 2554 Rhoeteas
709 2483 869 2576 primum
891 2499 943 2552 est
963 2480 1129 2554 advectus
1150 2483 1197 2553 ad
1218 2508 1316 2573 oras,

334 2598 555 2691 Optavitque
578 2600 700 2671 locum
724 2622 845 2695 regno.
880 2595 1048 2671 nondum
1075 2597 1209 2685 Ilium,
1236 2618 1270 2669 et
1288 2622 1383 2677 arces

336 2711 543 2808 Pergameae
563 2732 727 2787 steterant
751 2741 758 2781 :
781 2710 990 2782 habitabant
1011 2712 1164 2785 vallibus
1183 2712 1276 2785 imis,

334 2826 430 2896 Hinc
452 2827 564 2898 Mater
584 2829 710 2899 cultrix
731 2826 879 2922 Cybeli,
907 2824 1196 2921 Corybantiaque
1219 2852 1324 2921 aeta,

334 2942 562 3035 Idaeumque
584 2968 742 3025 nemus:
771 2943 854 3011 hinc
880 2939 952 3011 fida
978 2941 1115 3013 silentia
1137 2941 1262 3032 sacris,

334 3057 379 3127 Et
395 3058 510 3155 juncti
531 3082 671 3127 currum
694 3056 864 3126 dominae
888 3054 1025 3127 subiere
1050 3056 1182 3127 leones.

334 3172 427 3269 Ergo
451 3173 562 3269 agite,
587 3191 646 3261 et,
670 3168 794 3242 divim
814 3171 953 3243 ducunt
976 3196 1047 3263 qua
1069 3173 1189 3269 jussa,
1212 3196 1431 3267 sequamur:

334 3288 520 3358 Placemus
544 3305 694 3376 ventos,
720 3304 756 3357 et
780 3284 917 3359 Gnosia
934 3310 1041 3383 regna
1062 3305 1236 3380 petamus..

334 3403 410 3473 Nec
431 3404 541 3498 longo
565 3402 696 3473 distant
721 3426 825 3473 cursu
846 3430 853 3470 :
883 3401 999 3471 modo
1015 3400 1182 3495 Juppiter
1202 3400 1320 3497 adsit,

333 3518 452 3589 Tertia
475 3518 538 3587 lux
559 3520 707 3589 classem
728 3516 883 3589 Cretaeis
908 3516 1005 3589 sistet
1028 3516 1067 3589 in
1091 3516 1171 3603 oris.

333 3632 389 3704 Sic
411 3630 525 3721 fatus,
547 3634 694 3717 meritos
713 3632 779 3704 aris
800 3632 967 3705 mactavit
986 3633 1162 3723 honores,

335 3748 494 3818 Taunrm
515 3747 711 3842 Neptuno,
730 3766 872 3818 taurum
893 3747 986 3835 tibi,
1011 3748 1159 3843 pulcher
1179 3744 1317 3843 Apollo
1333 3780 1343 3828 3

336 3864 483 3960 Nigram
506 3861 628 3933 Hiemi
650 3862 856 3956 pecudem,
882 3864 1056 3958 Zephyris
1079 3860 1241 3933 felicibus
1264 3864 1396 3941 albam.

392 3978 504 4047 Fama
523 3979 648 4067 volat,
675 3978 824 4071 pulsum
849 3978 965 4077 regnis
990 3978 1131 4055 cessisse
1154 3977 1310 4072 paternis

336 4093 535 4164 idomenea
554 4092 709 4181 ducem,
735 4092 942 4186 desertaque
961 4094 1065 4165 litora
1088 4092 1236 4164 Cretae:

335 4208 451 4280 Hoste
473 4232 593 4278 vacare
614 4208 769 4296 domos,
793 4207 968 4302 sedesque
991 4209 1124 4281 adstar'e
1147 4209 1292 4283 relictas.

336 4323 556 4416 Linquimus
575 4323 743 4421 Ortygiae
765 4342 913 4417 portus,
942 4326 1146 4422 pelagoque
1167 4326 1358 4418 volamus,

337 4439 616 4533 bacchatamque
632 4439 727 4537 jugis
749 4436 903 4528 Naxon,
928 4439 1153 4533 viridemque
1172 4438 1379 4536 Donysam,

337 4554 494 4625 Olearon
512 4555 761 4648 „niveamque
785 4553 926 4649 Paron,
954 4580 1161 4653 sparsasque
1186 4580 1251 4655 per
1275 4582 1413 4655 aequor
1513 4644 1528 4654 ¹,
