3750 6217
438 739 884 814 AENEIDOS
942 741 1057 814 VII.
1116 768 1148 819 v.
1194 769 1283 841 259.
1393 750 1469 845 269

266 907 433 979 Tandem
454 911 565 981 laetus
585 910 634 981 ait
655 938 661 977 :
693 908 753 978 Dii
774 929 891 980 nostra
909 911 1048 1000 incepta
1070 910 1286 1002 secundent,

264 1025 538 1124 Augurirrmque
559 1050 675 1096 suum.
712 1025 875 1113 dabitur,
895 1023 1069 1113 Troiane,
1090 1025 1194 1116 quod
1213 1048 1324 1133 optas.

260 1140 410 1226 Munera
431 1165 498 1213 nec
518 1165 660 1234 sperno.
701 1165 777 1210 non
798 1140 923 1225 vobis,
948 1164 1027 1237 rege
1045 1138 1197 1235 Latino,
1484 1156 1505 1211 t

259 1256 391 1329 Divitis
412 1258 501 1329 uber.
518 1257 587 1352 agri
608 1256 781 1328 Troiaeve
802 1256 989 1350 opulentia
1007 1255 1126 1343 deerit

259 1373 343 1467 Ipse
364 1373 488 1445 modo'
502 1370 657 1470 Aerrerrs,
680 1374 789 1442 nostri
809 1373 837 1443 si
858 1389 953 1445 tanta
974 1371 1109 1463 cupido
1132 1392 1205 1463 est,

260 1486 298 1559 Si
314 1490 418 1587 jungi
439 1488 599 1580 hospitio
619 1503 804 1583 properat,
829 1487 1018 1579 sociusque
1038 1490 1177 1578 rotari,

259 1604 457 1683 Adveniat;
478 1605 598 1674 voltus
616 1627 704 1672 neve
724 1603 945 1673 exhorrescat
965 1603 1109 1674 amicos.

261 1719 343 1790 Pars
360 1720 449 1789 mihi
469 1719 566 1813 pacis
584 1719 648 1790 erit
670 1718 828 1793 dextram
848 1717 1002 1814 tetigisse
1021 1719 1170 1810 tyranni

258 1832 340 1905 Vos
361 1854 481 1905 contra
500 1835 570 1931 regi
591 1859 669 1904 mea
693 1856 788 1907 nuuc
806 1832 973 1914 mandata
992 1832 1123 1913 referte,

258 1948 321 2021 Est
340 1951 426 2019 mihi
449 1966 549 2037 nata,
570 1949 648 2023 viro
668 1947 781 2046 gentis
802 1971 912 2041 quam
930 1950 1078 2045 jungere
1098 1967 1261 2040 nostrae,

256 2063 344 2135 Non
364 2066 477 2159 patrio
498 2090 541 2135 ex
556 2064 667 2158 adyto
689 2083 820 2151 sortes,
843 2087 919 2143 non
938 2065 1094 2156 plurima
1113 2068 1217 2147 coelo

253 2178 415 2252 Monstra
438 2180 560 2251 sinunt
585 2207 593 2247 ε
624 2202 771 2277 generos
789 2180 941 2258 externis
961 2177 1082 2259 adfore
1100 2179 1146 2254 ab
1167 2183 1256 2267 oris,

254 2294 337 2367 Hoc
360 2295 463 2366 Latio
485 2315 608 2369 restare
627 2314 783 2382 currunt,
809 2295 870 2386 qui
893 2296 1063 2391 sanguine
1081 2314 1245 2367 nostruin

253 2406 402 2481 Noriren
427 2411 462 2479 in
484 2430 574 2482 astra
592 2409 710 2488 serant.
751 2410 848 2479 huuc
868 2411 975 2480 iilum
993 2435 1141 2503 poscere
1160 2410 1230 2491 fata

252 2524 297 2596 Et
317 2552 418 2615 reor,
443 2545 500 2615 et,
522 2528 550 2598 si
571 2525 660 2619 quid
678 2526 749 2595 veri
770 2548 872 2604 mens
891 2543 1060 2622 augurat,
1085 2545 1188 2619 opto.-

252 2638 350 2712 Haec
371 2641 516 2729 effatus,
542 2664 656 2737 equos
675 2664 825 2719 numero
846 2658 946 2733 pater
965 2640 1063 2737 eligit
1084 2641 1196 2717 omni.

251 2750 397 2827 Stabant
416 2776 467 2828 ter
486 2774 632 2828 centum
650 2755 756 2826 nitidi
777 2757 815 2825 in
835 2753 1068 2848 praesepibus
1087 2756 1176 2839 altis.

252 2869 436 2942 Omnibus
456 2873 640 2965 extemplo
659 2871 806 2949 Teucris
816 2870 922 2966 jubet
940 2869 1064 2959 ordine
1082 2870 1169 2957 duci

251 2982 423 3057 Instratos
446 3003 541 3056 ostro
563 2984 722 3079 ali-pedes
739 2985 920 3080 pictisque
936 2985 1074 3078 tapetis.

247 3099 364 3172 Aurea
383 3099 587 3196 pectoribus
607 3100 760 3171 demissa
778 3100 930 3175 monilia
950 3099 1131 3193 pendent:

248 3213 351 3286 Tecti
372 3242 481 3303 auro,
504 3214 645 3288 fulvom
665 3215 845 3293 mandunt
864 3214 1120 3295 subdentibus
1137 3240 1274 3303 auriana.

249 3328 397 3402 Absenti
420 3329 564 3407 Aeneae,
579 3355 726 3410 currum
743 3330 981 3428 geminosque
995 3331 1148 3428 jugalis,

249 3443 392 3516 Sernine
411 3445 455 3515 ab
474 3446 648 3534 aetherio,
670 3445 833 3538 spirantis
851 3445 995 3522 naribus
1013 3445 1156 3541 ignern,

248 3560 400 3633 Illorum
422 3561 468 3634 do
487 3579 615 3659 gente,
636 3561 726 3654 patri
745 3585 840 3654 quos
857 3559 1005 3641 daedala
1024 3559 1123 3635 Circe

246 3673 438 3771 Supposita
458 3677 502 3747 de
520 3694 632 3746 matre
652 3675 786 3747 nothos
803 3674 916 3754 furata
934 3674 1068 3763 creavit.

246 3789 396 3862 Talibus
416 3790 602 3870 Aeneadae
621 3789 729 3869 donis
747 3790 925 3884 dictisque
946 3788 1066 3875 Latini

243 3902 424 3976 Sublimes
446 3906 482 3973 in
503 3905 613 3998 cquis
626 3905 791 3994 redeunt,
809 3929 1010 4000 pacemque
1029 3923 1220 3998 reportant,

300 4019 391 4091 Ecce
412 4039 533 4090 autem
555 4019 708 4096 Inachiis
727 4045 802 4092 sese
822 4018 993 4097 referebat
1010 4019 1056 4105 ab
1076 4019 1177 4117 Argis

242 4133 350 4206 Saeva
366 4135 466 4222 Jovis
487 4135 668 4232 conjunx,
694 4160 864 4228 aurasque
884 4135 1020 4206 invecta
1038 4135 1204 4212 tenebat:

240 4250 287 4320 Et
306 4252 439 4320 laetum
462 4249 629 4340 Aenean,
656 4250 876 4343 classemque
894 4274 938 4320 ex
954 4250 1091 4321 aethere
1111 4251 1223 4347 longo

242 4362 458 4434 Dardaniam
475 4362 599 4440 Siculo.
617 4367 803 4461 prospexit
822 4365 1000 4458 abusque
1020 4364 1203 4463 Paclrynq

241 4475 363 4548 Moliri
379 4483 457 4575 jam
474 4481 702 4574 tecta'videt,
723 4486 799 4579 jam
817 4480 924 4555 fidere
942 4500 1075 4568 tenae,

240 4589 442 4667 Deseruisse
465 4612 562 4666 rates.
606 4595 702 4667 stetit
721 4597 794 4672 acri
809 4597 877 4675 six-a
898 4596 1038 4683 diriora
