3750 6217
342 813 392 886 4²
540 782 1065 862 GEORGICON
1124 784 1152 858 Ι.
1211 809 1244 859 v.
1295 806 1345 884 29

338 953 397 1026 An
420 951 510 1024 deus
532 949 687 1021 inmensi
707 950 827 1023 venias
844 947 974 1038 maris,
997 974 1036 1022 ac
1055 966 1115 1023 tua
1137 969 1264 1024 nautae

338 1068 502 1139 Numina
520 1067 596 1137 sola
618 1065 739 1137 colant
758 1092 766 1134 ι
790 1065 855 1137 tibi
874 1062 997 1137 serviat
1012 1068 1139 1138 ultima
1160 1066 1301 1138 Thule:

338 1183 467 1277 Teque
488 1181 554 1253 sibi
573 1205 743 1279 generum
761 1180 896 1277 Tethys
917 1199 1014 1252 emat
1032 1181 1204 1255 omnibus
1227 1171 1334 1256 undis
1351 1212 1360 1253 z

337 1298 443 1371 Anne
464 1321 602 1368 novom
620 1296 726 1369 tardis
746 1296 843 1369 sidus
866 1314 901 1367 te
923 1296 1110 1370 mensibus
1129 1297 1262 1387 addas,

338 1413 423 1519 Qua
446 1414 549 1483 locus
572 1410 750 1510 Erigonen
775 1412 863 1483 inter
880 1409 1087 1506 Chelasque
1109 1415 1291 1508 sequentis

337 1527 517 1599 Panditur.
557 1526 633 1621 ipse
653 1526 719 1598 tibi
733 1530 809 1625 jam
832 1526 972 1598 brachia
994 1529 1168 1600 contrahit
1187 1529 1313 1602 ardens

337 1642 524 1736 Scorpios,
554 1658 589 1712 et
613 1642 705 1712 coeli
724 1644 818 1740 justa
841 1641 925 1735 plus
949 1659 1047 1735 parte
1070 1644 1247 1738 relinquit.

337 1756 532 1862 Quidquid
557 1757 621 1828 eris
639 1786 648 1836 3
680 1739 796 1847 (nam
820 1773 919 1826 tene
941 1773 1082 1850 sperent
1102 1756 1244 1829 Tartara
1265 1784 1407 1859 regem,

228 1919 232 1926 ·
336 1873 414 1945 Nec
435 1872 501 1950 tibi
522 1869 692 1969 regnandi
712 1871 829 1942 veniat
848 1887 923 1941 tam
948 1869 1023 1943 dira
1046 1872 1206 1965 cupidos

337 1986 514 2093 Quamvis
538 1987 680 2083 Elysios
706 1986 852 2059 miretur
874 1985 1020 2066 Graecia
1044 2011 1218 2082 campm,

336 2101 414 2174 Nec
437 2102 582 2197 repetita
608 2101 709 2194 sequi
731 2120 827 2172 curet
850 2101 1061 2196 Proserpina
1082 2106 1262 2197 matrem)

337 2211 393 2289 Da
413 2217 558 2288 facilem
575 2239 741 2306 cursum,
764 2233 870 2311 atque
889 2215 1082 2290 audacibus
1104 2217 1222 2289 adnue
1239 2219 1397 2314 coeptis,

337 2332 559 2430 ignarosque
581 2331 656 2402 viae
681 2357 826 2403 mecum
848 2332 1030 2405 miseratus
1054 2334 1215 2432 agrestis,

337 2448 552 2545 Ingredere,
578 2464 614 2517 et
637 2447 731 2519 votis
752 2449 828 2545 jam
850 2471 947 2519 nunc
970 2448 1137 2521 adsuesce
1161 2448 1289 2522 vocari.

394 2562 489 2634 Vere
512 2585 637 2650 novo,
665 2563 804 2660 gelidus
828 2562 924 2635 canis
946 2588 1062 2657 quom
1087 2564 1275 2637 montibus
1301 2564 1433 2652 humor

336 2677 529 2772 Liquitur,
554 2693 589 2747 et
608 2677 777 2772 Zephyro
798 2679 910 2772 putris
929 2703 966 2750 se
985 2678 1088 2778 gleba
1105 2681 1273 2769 resolvit,
1305 2660 1309 2668 ¹

336 2793 519 2888 Depresso
545 2790 693 2887 incipiat
711 2794 788 2890 jam
807 2812 887 2867 tum
904 2794 996 2864 mihi
1013 2813 1131 2866 taums
1149 2813 1260 2866 aratro

337 2909 548 3008 Ingemere,
577 2925 612 2977 et
629 2910 729 2979 sulco
752 2908 897 2981 adtritus
918 2910 1168 3003 splendescere,
1186 2935 1321 2986 romeu

337 3025 405 3094 Illa
432 3048 530 3122 seges
555 3021 706 3094 demum
734 3024 828 3098 votis
856 3025 1051 3120 respondet
1077 3024 1168 3097 avari

335 3138 550 3238 Agricolae,
575 3136 746 3232 hisquae
770 3141 914 3229 solem,
944 3138 1001 3213 bis
1024 3139 1151 3241 frigora
1174 3141 1308 3216 sensita

336 3255 439 3329 Illius
464 3256 647 3325 inmensae
669 3272 840 3349 ruperunt
861 3256 984 3352 horrea
1004 3281 1146 3330 messes.

392 3367 440 3440 At
458 3369 555 3463 prius
574 3368 739 3466 ignotum
758 3366 849 3441 ferro
869 3395 980 3463 quam
998 3372 1196 3443 scindimus
1216 3394 1375 3463 aequor,

335 3484 505 3572 Ventos,
532 3501 566 3554 et
587 3485 725 3555 varium
749 3484 842 3556 coeli
864 3483 1083 3580 praediscere
1106 3508 1248 3555 morem

335 3600 430 3672 Cura
449 3599 514 3688 sit,
539 3623 578 3670 ac
600 3599 732 3692 patrios
758 3601 947 3694 cultusque
970 3599 1185 3693 habitusque
1206 3599 1388 3669 locorum:

335 3716 382 3792 Et
405 3714 495 3810 quid
522 3739 687 3809 quaeque
711 3714 797 3792 ferat
822 3715 944 3813 regio,
972 3733 1007 3787 et
1036 3714 1126 3808 quid
1150 3738 1316 3810 quaeque
1339 3732 1481 3788 recuset.

334 3826 406 3904 Hic
428 3847 589 3930 segetes,
616 3830 692 3902 illic
713 3832 865 3904 veniunt
887 3828 1027 3902 felicius
1047 3854 1161 3901 uvae:

334 3945 483 4020 Arborei
508 3944 600 4018 fetus
620 3946 729 4037 alibi,
754 3965 861 4041 atque
884 3946 1016 4047 injussa
1036 3947 1211 4019 virescunt

336 4061 517 4134 Gramina.
561 4075 686 4134 n'onne
708 4061 834 4153 vides,
860 4087 1007 4136 croceos
1032 4080 1073 4136 ut
1096 4061 1255 4136 Tmolus
1276 4061 1429 4155 odores,

334 4177 442 4256 India
467 4177 587 4250 mittat
612 4177 727 4265 ebur,
759 4179 892 4252 molles
918 4203 980 4249 sua
1004 4196 1080 4250 tura
1106 4175 1262 4250 Sabaei?

334 4289 382 4371 At
406 4291 584 4388 Chalybes
607 4287 697 4363 nu'di
727 4290 887 4383 ferrum,
914 4294 1104 4389 virosaque
1132 4291 1271 4367 Pontus

335 4405 528 4498 Castorea,
555 4405 723 4480 Eliadum
746 4410 885 4503 palmas
907 4405 1037 4504 Epiros
1059 4412 1263 4500 equarum?

335 4519 522 4594 Continuo
542 4523 736 4622 moleges,
763 4541 973 4615 aeternaque
994 4521 1138 4593 foedera
1156 4521 1258 4594 certis

333 4635 505 4740 Inposuit
523 4636 657 4714 Natura
676 4639 790 4730 locis,
817 4632 892 4731 quo
910 4654 1075 4733 tempore
1093 4636 1257 4733 primum

113 5285 369 5715 >g
