3750 6217
484 712 1014 787 GEORGICON
1072 710 1153 784 IV:
1207 726 1241 785 v.
1280 713 1383 827 Ιιθο.

334 877 488 951 Narcissi
505 878 712 968 lacrimam,
731 895 766 949 et
783 881 922 949 lentum
944 878 990 949 de'
1008 879 1136 951 cortice
1155 878 1303 977 gluten,

334 994 453 1066 Prima
473 991 562 1064 favis
581 1007 727 1087 ponunt
746 993 986 1065 fundamina:
1016 993 1148 1064 deinde
1166 1008 1307 1063 tenaces

331 1108 566 1203 Suspendunt
585 1133 678 1179 ceras
696 1138 711 1178 ,ι
742 1109 858 1197 aliae,
878 1134 982 1202 spem
1002 1109 1135 1208 gentis,
1156 1107 1302 1179 adultos

335 1225 506 1295 Educunt
523 1222 616 1294 fetus
635 1252 643 1292 ι
673 1226 761 1294 aliae
781 1224 971 1318 purissima
989 1226 1098 1295 mella

332 1339 473 1434 Stipant
494 1367 502 1406 :
533 1357 568 1410 et
588 1338 731 1431 liquido
752 1339 963 1411 distendunt
981 1354 1120 1411 nectare
1139 1339 1255 1410 cellas,

332 1456 422 1527 Sunt
440 1510 450 1544 ,
468 1453 601 1548 quibus
619 1454 666 1524 ad
687 1472 809 1549 portas
829 1455 956 1525 cecidit
979 1454 1140 1526 custodia
1160 1452 1264 1525 sorti:

337 1568 454 1663 Inque
472 1570 589 1640 vicem
609 1571 835 1662 speculantur
854 1595 964 1662 aquas
981 1587 1016 1640 et
1034 1550 1158 1640 nubila
1177 1566 1293 1638 coeli:

333 1682 406 1755 Ant
428 1708 535 1755 onera
555 1684 743 1779 adcipiunt
761 1674 997 1774 venientum,
1021 1704 1082 1755 aut
1100 1682 1244 1783 agmine
1261 1680 1356 1752 facto

334 1796 530 1898 Ignavum,
549 1797 677 1887 fucos,
700 1814 811 1894 'pecus
828 1826 848 1870 a
865 1798 1094 1894 praesepibus
1113 1816 1239 1870 arcent,

333 1914 456 1986 Fervet
479 1940 594 2009 opus,
617 1915 853 2008 redolentque
870 1915 997 2009 thymo
1018 1914 1202 2012 fragrantia
1219 1913 1336 1983 mella.

333 2028 385 2101 Ac
404 2031 538 2119 veluti,
558 2030 664 2102 lentis
682 2029 862 2126 Cyclopes
881 2028 1037 2101 fulmina
1055 2028 1182 2101 massis

335 2132 461 2250 Quom
480 2165 693 2240 properant,
716 2147 776 2216 alii
794 2145 940 2217 taurinis
960 2143 1109 2217 follibus
1125 2168 1227 2217 auras

332 2259 533 2354 Adcipiunt
550 2260 796 2356 redduntque,
820 2262 880 2331 alil
899 2261 1080 2361 stridentia
1098 2261 1267 2357 tinguunt

332 2366 420 2447 Aera
441 2377 520 2446 lacu
541 2404 549 2444 :
579 2377 690 2474 gemit
710 2376 877 2470 inpositis
895 2376 1086 2448 incudibus
1106 2374 1242 2446 Aetnae

334 2490 394 2561 llli
414 2491 505 2563 inter
524 2516 599 2563 sese
618 2516 747 2590 magna
766 2492 802 2561 vi
823 2491 963 2562 brachia
984 2493 1119 2564 tollunt

333 2602 377 2675 In
398 2629 612 2696 numerum,
630 2624 841 2700 versantque
858 2607 974 2678 tenaci
992 2603 1129 2700 forcipe
1148 2605 1288 2677 ferrurrn

333 2718 420 2791 Non
438 2721 563 2810 aliter,
586 2721 615 2795 si
635 2746 743 2817 parva
760 2722 843 2795 licet
862 2745 1069 2814 conponere
1089 2721 1249 2818 magnis,

334 2834 525 2929 Cecropias
545 2837 688 2909 innatus
708 2854 793 2931 ape's
811 2861 913 2906 arnor
929 2854 1031 2933 urget
1048 2834 1228 2921 habendi,

332 2948 480 3020 Munere
500 2972 684 3043 quamquo
700 2975 776 3023 suo.
817 2950 1022 3047 grandaevis
1041 2949 1178 3044 oppida
1198 2971 1322 3038 curae,

333 3062 379 3135 Et
396 3064 537 3135 munire
557 3061 680 3153 favos,
703 3084 737 3136 ot
755 3064 902 3135 daedala
922 3063 1052 3162 fingere
1071 3083 1171 3136 tectas
1255 3138 1259 3147 ,

332 3179 381 3250 At
399 3176 509 3250 fessae
528 3178 642 3250 multa
663 3178 816 3251 referunt
835 3205 870 3251 se
889 3198 998 3251 nocte
1017 3180 1194 3269 minores,

333 3292 443 3363 Crura
462 3294 589 3388 thymo
608 3296 737 3388 plenae
758 3322 764 3362 :
796 3310 988 3390 pascuntur
1005 3314 1041 3366 et
1060 3294 1181 3365 arbuta
1201 3282 1358 3387 passim,

331 3408 377 3478 Et
395 3411 535 3507 glaucas
553 3408 695 3499 salices,
719 3410 947 3504 casiamque,
973 3434 1193 3503 crocumque
1215 3408 1429 3500 rubentem,

332 3522 377 3594 Et
396 3524 569 3622 pinguem
590 3523 726 3616 tiliam,
751 3543 787 3597 et
805 3523 1022 3622 ferrugineos
1038 3524 1259 3619 hyacinthos.

332 3639 516 3711 Omnibus
533 3662 604 3710 una
623 3640 726 3734 quies
746 3666 920 3735 operum,
947 3640 1048 3711 labor
1063 3639 1236 3712 omnibus
1255 3662 1359 3711 unus·
1384 3632 1387 3639 ’

332 3752 439 3823 Mane
457 3773 564 3827 ruunt
583 3756 722 3849 portis;
742 3780 923 3849 nusquam
942 3780 1052 3827 moro.
1093 3780 1209 3827 rursus
1228 3753 1375 3826 easdem

332 3862 470 3963 Vesper
489 3869 554 3940 ubi
574 3894 594 3939 e
612 3889 717 3967 pastu
733 3870 881 3942 tandem
901 3870 1072 3943 decedere
1090 3870 1228 3964 campis

332 3982 563 4073 Admonuit,
586 4001 666 4055 turn
686 4004 777 4057 tecta
793 4004 946 4080 petunt,
973 4004 1054 4085 tum
1074 3998 1224 4080 'corpora
1240 4002 1370 4057 curant
1461 4068 1465 4074 ⁵

334 4095 363 4167 F
365 4099 392 4169 it
413 4099 578 4190 sonitus,
606 4119 838 4213 mussantque
860 4125 938 4173 oras
956 4120 991 4173 et
1007 4101 1134 4173 limina
1154 4100 1313 4185 circum„

331 4204 442 4302 Post,
462 4212 526 4285 ubi
544 4216 620 4313 jam
645 4214 810 4287 thalamis
831 4236 866 4287 se
882 4234 1133 4310 conposuere,
1155 4217 1278 4289 siletur

331 4326 377 4397 ln
396 4350 569 4421 noctem,
592 4327 776 4424 fessosque
802 4356 915 4427 sopor
934 4352 1019 4403 suus
1037 4349 1190 4426 occupat
1206 4346 1309 4403 artus:

333 4438 408 4514 Nec
429 4468 512 4515 vero
533 4469 553 4515 a
574 4444 722 4519 stabulis
738 4446 861 4541 pluvia
880 4446 1101 4542 inpendente
1118 4447 1288 4519 recedunt

334 4553 518 4661 Longius,
537 4580 598 4637 aut
617 4560 766 4638 credunt
783 4562 887 4638 coelo
907 4561 1182 4651 adventantibus
1198 4559 1319 4635 Euris:

1248 4670 1284 4746 Ν
1402 4680 1408 4689 .
