3750 6217
517 759 1333 889 AENt1Dosv1.v.193‚
1455 788 1533 860 239

330 931 508 1019 Matemas
525 931 710 1029 adgnoscit
729 932 825 1019 avis,
850 933 1034 1024 laetusque
1051 948 1235 1025 precatur:

329 1048 412 1121 Este
432 1047 561 1134 duces,
583 1072 629 1134 o,
652 1047 681 1117 si
701 1072 773 1140 qna
792 1047 850 1117 via
867 1065 940 1135 est,
964 1070 1178 1140 cursumque
1199 1073 1261 1140 per
1278 1069 1378 1126 auras

329 1159 477 1260 Dirigite
498 1164 536 1231 in
555 1163 677 1250 lucos,
698 1161 761 1232 ubi
782 1162 956 1259 pinguem
977 1160 1076 1233 dives
1097 1182 1223 1255 opacat

329 1276 467 1365 Ramus
485 1278 649 1347 humum.
691 1295 824 1370 tuque,
849 1302 897 1364 o,
920 1275 1041 1353 dubiis
1060 1301 1105 1361 ne
1124 1277 1234 1354 defice
1253 1275 1382 1368 rebuS,

331 1391 423 1476 Diva
441 1416 576 1486 parens.
615 1392 664 1462 sic
682 1390 805 1465 effatus
820 1392 966 1490 uestigia
986 1392 1131 1485 pressiti

332 1507 535 1578 Observans
554 1531 648 1600 quae
667 1507 765 1604 signa
783 1504 917 1595 ferant,
947 1532 1022 1600 quo
1044 1506 1188 1579 tendere
1208 1526 1363 1607 pergant

332 1621 516 1699 Pascentes
537 1622 618 1693 illae
636 1639 776 1699 tantum
796 1621 939 1715 prodire
959 1621 1141 1714 volando,

333 1735 524 1843 Quantum
544 1738 617 1815 acie
636 1753 785 1830 possent
806 1737 903 1816 oculi
923 1761 1054 1819 servare
1075 1756 1301 1831 sequentum,

332 1852 445 1942 lnde,
470 1852 534 1922 ubi
554 1875 680 1922 venere
698 1851 744 1921 ad
760 1850 878 1923 fauces
899 1853 1133 1948 graveolentis
1151 1852 1306 1943 Averni,

330 1965 486 2038 Tollunt
505 1993 541 2038 se
562 1969 711 2045 celeres;
736 1966 993 2059 liquidumque
1012 1992 1075 2061 per
1094 1980 1171 2037 aera
1191 1967 1310 2041 labsae

332 2080 484 2154 Sedibus
503 2082 634 2177 optatis
654 2082 817 2179 geminae
837 2107 943 2175 super
962 2081 1087 2156 arbore
1104 2083 1250 2173 sidunt5

333 2195 501 2268 Discolor
518 2197 614 2268 unde
634 2197 708 2266 auri
727 2221 790 2291 per
808 2221 929 2276 ramos
949 2222 1030 2281 aura
1049 2197 1193 2285 refulsit.

332 2309 452 2416 Quale
472 2315 563 2384 solet
583 2312 681 2385 silvis
699 2310 853 2383 brumali
871 2310 999 2409 frigore
1014 2313 1152 2384 viscum

331 2425 473 2497 Fronde
492 2428 601 2506 virete
620 2452 736 2516 nova,
755 2427 858 2521 quod
878 2450 956 2507 non
976 2452 1037 2499 sua
1056 2428 1207 2501 seminat
1226 2427 1354 2521 arbos,

331 2540 377 2615 Et
397 2567 522 2613 croceo
543 2542 618 2613 fetu
638 2543 754 2614 teretis
772 2542 988 2619 circumdare
1007 2560 1173 2621 truncos:

332 2654 433 2726 Talis
453 2676 523 2728 erat
539 2657 674 2751 species
695 2658 769 2727 auri
789 2656 989 2741 frondentis
1010 2683 1123 2751 opaca

335 2769 422 2841 llice
439 2802 448 2849 ;
481 2772 528 2842 sic
550 2773 622 2842 leni
643 2772 837 2866 crepitabat
853 2772 991 2845 bractea
1009 2792 1129 2856 vento,

334 2883 503 2979 Conripit
519 2885 655 2957 Aeneas
675 2889 882 2982 extemplo,
910 2886 1107 2980 avidusque
1126 2887 1283 2987 refringlt

333 2998 599 3089 Cunctantem,
621 3018 657 3076 et
673 3001 762 3074 vatis
780 3019 899 3096 portat
919 3002 986 3073 sub
1002 3020 1094 3073 tecta
1114 3001 1279 3097 Sibyllae.

391 3115 467 3185 Nec
487 3116 608 3187 minus
628 3116 757 3187 interea
777 3116 959 3193 Misenum
977 3118 1015 3187 in
1035 3117 1139 3189 litore
1156 3116 1287 3193 Teucri

332 3229 506 3319 Flebant,
531 3249 566 3309 et
587 3232 694 3301 cineri
714 3216 849 3329 ingrato
872 3254 1037 3325 suprema
1057 3229 1224 3317 ferebant.

332 3345 515 3440 Principio
537 3346 712 3443 pinguem
729 3346 842 3419 taedis
860 3366 896 3418 et
913 3346 1042 3417 robore
1063 3365 1159 3433 secto

332 3460 521 3557 Ingentem
543 3480 695 3532 struxere
712 3486 838 3555 pyram
863 3490 871 3533 :
900 3462 960 3536 cui
978 3459 1168 3539 frondibus
1186 3463 1268 3536 atris

332 3574 505 3646 intexunt
522 3578 649 3663 latera,
671 3593 707 3646 et
726 3576 843 3657 feralis
859 3594 944 3657 ante
964 3600 1150 3670 cupressos

333 3688 593 3779 Constituunt,
615 3690 858 3784 decorantque
879 3715 984 3786 super
1000 3689 1221 3789 fulgentibus
1235 3693 1355 3782 armis«

333 3803 416 3877 Pars
436 3806 572 3877 calidos
591 3807 709 3877 latices
727 3824 761 3876 et
781 3806 893 3878 ahena
910 3805 1083 3879 undantia
1102 3804 1260 3881 flammis

333 3919 564 4014 Expediunt,
591 3943 794 4015 corpusque
813 3923 931 4008 lavant
949 3919 1109 4019 frigentis
1128 3940 1163 4009 et
1178 3940 1357 4020 unguunt.

333 4033 363 4104 F
365 4035 392 4104 it
408 4036 570 4133 gemitus.
615 4053 695 4106 tum
715 4036 876 4119 membra¹
894 4054 976 4108 toro
997 4034 1124 4123 defleta
1144 4056 1349 4136 reponunt²

334 4148 604 4244 Purpureusque
623 4174 728 4242 super
743 4169 878 4242 vestes,
899 4151 1077 4225 velamina
1095 4169 1208 4245 nota²
1346 4137 1352 4148 ⁸

335 4264 554 4363 conjiciunt
594 4266 675 4358 pa‘rs
695 4266 830 4363 ingenti
848 4267 985 4340 subiere
1005 4265 1158 4358 feretro,

334 4379 451 4451 Triste
468 4379 730 4471 ministerium,
754 4399 789 4454 et
806 4382 1003 4482 subjectam
1021 4407 1124 4474 more
1141 4402 1332 4477 parentum

334 4492 456 4566 Aversi
476 4513 617 4573 tenuere
637 4494 762 4586 facem.
800 4518 967 4597 congesta
985 4515 1185 4579 cremantur

335 4606 452 4682 Turea
471 4610 586 4702 dona,
606 4610 737 4707 dapes,
757 4610 838 4694 fuso
863 4631 1008 4705 crateres
1026 4613 1137 4703 olivo,
