3750 6217
354 711 430 784 282
530 700 976 788 AENEIDOS
1032 700 1143 772 Vll.
1201 726 1234 771 v.
1282 699 1375 773 688.

351 872 438 943 Bina
459 897 596 958 manu,
617 869 809 961 fulvosque
834 869 911 961 lupi
932 867 978 938 de
1002 869 1095 961 pelle
1115 868 1253 964 galeros

350 988 515 1085 ‘segmen
534 984 669 1056 habent
691 985 798 1078 capiti
820 1012 827 1054 :
857 983 1003 1080 vestigia
1026 983 1123 1052 nuda
1145 980 1278 1053 sinistri

351 1103 539 1173 Instituere
561 1101 689 1194 pedis;
710 1101 840 1182 crudus
864 1100 950 1197 tegit
972 1099 1075 1168 altera
1099 1124 1197 1191 pero.

407 1216 456 1288 At
473 1216 681 1309 Messapus,
704 1212 839 1308 equom
860 1214 1047 1301 domitor,
1069 1211 1253 1307 Neptunia
1274 1212 1424 1305 proles,

350 1332 474 1438 Quem
494 1356 612 1423 neque
632 1330 685 1401 fas
703 1331 777 1428 igni
794 1331 965 1422 cuiquam
986 1353 1053 1399 nec
1075 1348 1223 1404 sternere
1244 1325 1358 1417 ferro,

345 1448 430 1537 Jam
451 1446 590 1541 pridem
611 1447 742 1517 resides
759 1447 945 1539 populos,
971 1444 1187 1536 desuetaque
1207 1442 1306 1513 bello

349 1563 524 1660 Agmina,
547 1563 585 1630 in
604 1588 699 1633 arma
715 1582 821 1631 vocat
840 1559 983 1648 subite,
1003 1558 1209 1651 ferrumque
1229 1575 1395 1629 retractat.

349 1677 401 1749 Hi
422 1679 658 1754 Fescenninas
677 1678 790 1764 acies,
811 1674 1032 1768 Aequosque
1052 1675 1231 1762 Faliscos,

349 1795 400 1865 Hi
418 1792 568 1878 Soractis
587 1792 720 1862 habent
739 1816 855 1879 arces,
880 1790 1110 1881 Flaviniaque
1131 1816 1235 1875 arva,

350 1910 397 1992 Et
418 1909 554 1978 Cimini
576 1934 658 1979 cum
677 1925 804 1985 monte
822 1908 965 1994 lacurn,
990 1907 1163 1998 lucosque
1184 1904 1362 1999 Capenos.

351 2026 460 2096 Ibant
480 2025 620 2116 aequati
640 2047 813 2109 numere,
834 2047 1025 2118 regemque
1046 2021 1244 2092 canebant:

353 2140 431 2209 Ceu
453 2138 640 2231 quondam
660 2138 755 2207 nivei
774 2137 913 2229 liquida
932 2137 1023 2206 inter
1041 2137 1164 2206 nubila
1185 2137 1315 2231 cycni,

343 2254 482 2359 ¹Quom
502 2277 575 2323 sese
596 2279 614 2322 e
635 2273 738 2346 pastu
757 2250 929 2340 referunt,
954 2272 988 2322 et
1004 2253 1112 2350 longa
1134 2277 1285 2323 canoros

352 2370 451 2442 Dant
470 2394 534 2463 per
553 2369 646 2439 colla
665 2369 816 2458 modos,
840 2387 944 2439 sonat
961 2368 1101 2458 amnis,
1125 2387 1161 2440 et
1178 2366 1261 2439 Asia
1278 2369 1387 2466 longe

353 2487 459 2568 Pulsa
478 2486 591 2577 palus.

351 2601 429 2671 Nec
449 2599 642 2694 quisquam
660 2618 788 2678 aeratas
808 2602 898 2672 acies
920 2625 965 2670 ex
982 2600 1124 2697 agmine
1141 2618 1243 2671 tanto

352 2715 495 2787 Misceri
517 2735 619 2809 putet
640 2744 654 2816 :⁴
678 2717 807 2786 ae'riam
829 2715 889 2787 sed
908 2717 1043 2813 gurgite
1064 2714 1108 2784 ab
1129 2717 1202 2785 alto

353 2831 475 2928 Urgeri
494 2832 685 2902 volucrum
704 2857 885 2904 raucarum
906 2832 952 2903 ad
971 2833 1069 2901 litora
1091 2830 1238 2912 nubem.

411 2948 522 3036 Ecce,
546 2945 761 3035 Sabinorum
779 2948 896 3042 prisco
918 2948 964 3017 de
985 2947 1175 3043 sanguine,
1196 2972 1369 3045 magnum

353 3062 497 3161 Agmen
521 3087 627 3160 agens
649 3062 820 3150 Clausus,
845 3064 1040 3160 magnique
1061 3064 1137 3155 ipse
1156 3064 1308 3161 agminis
1329 3065 1464 3155 instar,

354 3178 505 3247 Claudia
523 3202 619 3248 nuuc
638 3203 658 3248 a
678 3204 753 3271 quo
773 3178 984 3252 diffunditur
1002 3197 1037 3249 et
1056 3178 1167 3249 tribus
1186 3197 1220 3249 et
1240 3204 1325 3276 gens

353 3294 420 3363 Per
441 3293 604 3379 Latium,
623 3315 820 3385 postquam
840 3294 876 3362 in
898 3313 1033 3387 partem
1056 3294 1135 3363 data
1157 3293 1275 3364 Roma
1295 3295 1446 3367 Sabinis.

354 3410 435 3479 Una
456 3408 579 3501 ingens
599 3407 781 3488 Amiterna
800 3409 947 3497 cohorS,
974 3411 1149 3503 priscique
1171 3410 1349 3514 Quirites,

352 3522 448 3595 Ereti
470 3546 597 3592 manus
619 3525 761 3611 omnis,
786 3524 1036 3617 oliviferaeque
1055 3525 1260 3596 Mutuscae:

353 3639 430 3744 Qui
449 3636 677 3708 Nomentum
699 3638 848 3727 urbem,
875 3642 938 3732 qui
957 3640 1073 3711 Rosea
1093 3668 1169 3714 rura
1189 3641 1336 3732 Velini,

354 3756 430 3860 Qui
452 3754 611 3825 Tetricae
632 3755 804 3825 horrentis
824 3781 952 3848 rupes,
981 3776 1221 3850 montemque
1242 3757 1431 3847 Sevenrm,

353 3870 630 3964 Casperiamque
651 3873 799 3958 colunt,
824 3870 1067 3965 Forulosque,
1090 3896 1125 3944 et
1141 3874 1277 3943 [lumen
1299 3875 1502 3945 Himellae:

355 3984 432 4089 Qui
453 3986 615 4056 Tiberim
638 3985 872 4079 Fabarimque
892 3987 1041 4076 bibunt,
1067 4015 1160 4082 quos
1178 3988 1303 4087 frigida
1322 3991 1421 4060 misit

354 4102 506 4189 Nursia,
527 4119 562 4170 et
583 4101 754 4184 Hortinae
773 4104 915 4192 classes,
936 4107 1141 4198 populique
1164 4106 1305 4175 Latini:

354 4217 535 4320 Quosque
554 4240 673 4286 secans
693 4216 889 4287 infaustum
910 4220 1068 4307 interluit
1084 4220 1178 4290 Allia
1196 4245 1352 4290 nornen:

354 4331 477 4435 Quam
499 4332 604 4404 multi
626 4331 764 4426 Libyco
786 4335 981 4410 volvuntur
1001 4362 1177 4415 marmore
1198 4335 1346 4427 fluctus,

352 4446 484 4518 Saevus
505 4446 568 4516 ubi
590 4449 707 4526 Orion
724 4448 878 4521 hibernis
897 4452 1065 4522 conditur
1081 4453 1213 4541 undis,

352 4560 425 4631 Vel
444 4588 552 4656 quam
572 4564 647 4634 sole
668 4588 765 4634 novo
787 4565 915 4636 densae
934 4585 1112 4638 torrentur
1131 4569 1275 4655 aristae,

113 5241 401 5599 Vx
