3750 6217
535 737 993 822 Aruernos
1049 743 1080 821 l.
1137 768 1171 820 r.
1216 742 1306 840 318.
1453 765 1529 843 1⁹3

328 913 499 1007 Namque
518 911 677 986 humeris
697 915 743 988 de
760 939 863 987 more
882 901 1042 986 habilem
1062 911 1295 1009 suspenderat
1314 932 1434 982 arcum

329 1030 526 1119 Venatrix,
546 1027 762 1126 dederatque
781 1054 928 1101 comam
947 1029 1145 1100 diffundere
1163 1027 1303 1105 ventisr

329 1145 437 1216 Nuda
456 1169 574 1244 genu,
597 1145 773 1241 nodoque
793 1146 892 1218 sinus
910 1145 1071 1217 conlecta
1089 1140 1242 1223 fluentis.

330 1261 382 1332 Ac
400 1262 523 1355 prior,
549 1258 649 1331 Heus
661 1300 678 1349 ,·
698 1261 840 1355 inquit,
858 1262 1034 1359 juvenes,
1060 1276 1253 1341 monstrate
1270 1276 1433 1328 mearum

330 1367 483 1447 Vidistis
501 1376 531 1447 si
551 1396 662 1468 quam
681 1370 738 1448 hic
760 1394 933 1447 errantem
952 1374 1042 1446 forte
1063 1396 1244 1462 sororum,

330 1489 553 1563 succinctam
573 1486 731 1586 pharetra
751 1512 786 1564 et
803 1492 1008 1562 maculosae
1025 1490 1184 1588 tegmine
1204 1482 1336 1583 lyncis,

331 1604 404 1677 Aut
421 1606 622 1700 spumantis
638 1607 715 1703 apri
735 1628 879 1679 cursum
899 1608 1054 1678 clamore
1071 1622 1306 1700 prementem.

330 1718 387 1792 Sic
404 1717 553 1800 Venus;
576 1740 611 1793 et
630 1718 782 1795 Veneris
801 1740 923 1794 contra
941 1721 989 1793 sic
1007 1720 1103 1792 filius
1121 1745 1222 1792 orsus
1237 1744 1245 1788 r

331 1835 441 1907 Nulla
460 1853 602 1908 tuarum
622 1838 741 1909 audita
761 1838 852 1909 mihi
867 1861 986 1931 neque
1002 1837 1077 1908 visa
1096 1858 1279 1923 sororum,
1328 1882 1332 1893 ·

330 1953 387 2042 Ο,
410 1968 520 2046 quam
538 1967 573 2024 to
591 1954 823 2025 memorem?
842 1943 954 2050 virgo,
991 1962 1152 2043 namque·
1167 1949 1264 2020 haud
1282 1940 1350 2020 tibi
1369 1949 1492 2021 voltus

332 2065 517 2157 Mortalis,
534 2091 602 2141 nec
619 2092 695 2140 vox
714 2069 905 2140 hominem
925 2084 1029 2140 sonat
1052 2094 1060 2134 ι
1091 2092 1113 2137 o
1132 2067 1199 2137 dea
1216 2084 1330 2143 certe:

330 2179 389 2254 An
410 2180 548 2254 Phoebi
569 2207 690 2274 soror,
709 2209 755 2254 an
775 2180 1029 2279 Nympharum
1048 2178 1228 2280 sanguinis
1248 2180 1352 2251 una?

331 2296 385 2371 Sis
402 2296 511 2389 felix,
534 2316 772 2394 nostrumque
793 2300 889 2370 leves
908 2322 1158 2393 quaecumque
1175 2294 1360 2367 laboremr

332 2411 377 2485 Et
397 2437 472 2508 quo
495 2413 561 2487 sub
582 2415 685 2485 coelo
705 2408 877 2502 tandem,
898 2398 1031 2507 quihus
1052 2409 1148 2483 orbis
1165 2407 1203 2481 in
1225 2410 1295 2483 oris

329 2526 537 2619 jactemur,
559 2525 697 2602 doceas.
738 2528 849 2628 ignari
866 2522 1135 2621 hominumque
1151 2528 1390 2619 locorumque

333 2642 497 2718 Erramus
513 2667 528 2734 ,·
545 2662 654 2717 vento
674 2647 745 2717 huc
763 2663 798 2716 et
816 2644 922 2716 vastis
940 2641 1109 2715 fluctibns
1126 2642 1203 2713 acti.

333 2755 449 2830 Multa
468 2755 534 2830 tibi
553 2780 634 2833 ante
653 2786 727 2832 aras
744 2779 863 2831 nostra
882 2753 984 2831 cadet
1002 2758 1117 2830 hostia
1137 2751 1268 2828 dextra.

333 2872 433 2944 Turn
451 2873 579 2948 Venus
602 2895 609 2944 t
640 2875 749 2947 Haud
767 2873 936 2968 equidem
957 2875 1020 2943 tali
1039 2898 1099 2943 me
1116 2872 1246 2968 dignor
1262 2871 1418 2943 honore:

333 2983 546 3086 Virginibus
565 2986 682 3085 Tyriis
701 3015 785 3063 mos
805 3007 857 3061 est
877 3007 1008 3087 gestare
1025 2979 1248 3082 pharetram,
1456 2994 1459 2999 ’

334 3101 593 3198 Purpureoque
613 3107 682 3176 alte
701 3130 794 3179 suras
814 3098 947 3176 vincire
966 3096 1153 3174 cothurno.

334 3218 469 3289 Punica
488 3219 735 3316 regnavides,
757 3220 905 3315 Tyrios,
925 3236 961 3290 et
980 3217 1153 3316 Agenoris
1173 3208 1330 3288 urbem:

333 3332 403 3405 Sed
424 3331 514 3405 fines
531 3333 686 3428 Libyci,
713 3360 823 3433 genus
845 3330 1060 3407 intractabile
1080 3328 1189 3404 bello.

335 3446 536 3544 Imperium
554 3448 654 3521 Dido
675 3448 783 3545 Tyria
803 3450 889 3549 regit
907 3444 994 3521 urbe
1013 3445 1198 3543 prosecta,

335 3563 557 3635 Germanum
577 3562 727 3664 fugiens.
764 3564 872 3664 longa
892 3582 945 3636 est
965 3555 1114 3662 injuria,
1134 3565 1265 3663 longae

332 3678 523 3779 Ambages,
562 3673 626 3752 sed
644 3705 786 3754 summa
805 3704 931 3775 sequar
949 3674 1088 3778 fastigia
1106 3702 1234 3753 rerum.

334 3792 432 3865 Huic
449 3797 609 3894 conjunx
622 3795 818 3891 Sycchaeus
837 3816 925 3885 erat,
948 3793 1146 3868 ditissimus
1165 3793 1238 3893 agri

335 3904 580 3999 Phoenicum,
602 3930 638 3981 et
655 3934 787 4010 magno
808 3913 956 3986 miserae
975 3911 1126 3982 dilectus
1143 3930 1287 3981 amore:

336 4022 406 4096 Cui
426 4043 526 4119 pater
546 4025 714 4097 intactam
735 4026 901 4115 dederat,
924 4026 1122 4122 primisque
1137 4026 1275 4123 jugaret

336 4138 545 4213 Ominibus
586 4140 647 4212 sed
670 4166 775 4240 regna
792 4138 880 4237 Tyri
901 4164 1088 4241 germanus
1108 4140 1261 4212 habehat

337 4251 574 4353 Pygmalion,
596 4258 724 4329 scelere
743 4275 825 4328 ante
844 4255 935 4329 alios
955 4256 1136 4328 inmanior
1154 4252 1285 4328 omnis.

338 4369 445 4475 Quos
463 4371 554 4444 inter
569 4373 714 4444 medius
729 4373 828 4444 venit
845 4372 965 4485 furor..
991 4372 1051 4443 ille
1070 4371 1267 4467 Sychaeum

339 4483 465 4580 Inpius
481 4507 561 4559 ante
579 4513 677 4578 aras,
701 4508 810 4582 atque
831 4490 903 4560 auri
925 4513 1051 4560 caecus
1068 4513 1212 4577 amore,

339 4598 444 4672 Clam
461 4599 552 4675 ferro
573 4603 759 4677 incautum
779 4625 946 4699 superat,
968 4629 1109 4678 securus
1127 4626 1294 4675 amomm

1191 4716 1280 4822 Qu
