3750 6217
367 763 466 827 252-
582 735 1028 832 AENEIDOS
1085 736 1167 828 VI,
1226 761 1258 816 v,
1304 736 1396 812 622.

359 904 431 974 Hic
451 903 648 974 thalamum
668 902 796 972 invasit
815 919 915 970 natae
932 899 1134 992 vetitosque
1153 899 1382 992 hymenaeos

360 1018 449 1090 Ausi
468 1041 596 1088 omnes
616 1017 760 1086 inmane
781 1014 902 1105 nefas,
925 1039 1085 1105 ausoque
1104 1015 1223 1107 potiti.

360 1134 471 1222 Non,
491 1132 582 1201 mihi
603 1132 631 1201 si
652 1131 793 1228 linguae
814 1150 959 1202 centum
980 1130 1071 1218 sint,
1092 1155 1225 1221 oraque
1246 1148 1414 1219 centum,

360 1249 481 1319 Ferrea
501 1271 595 1334 vox,
623 1249 743 1317 omnis
764 1249 935 1317 scelernm
957 1244 1199 1338 conprendere
1221 1244 1380 1333 formas,

360 1364 497 1433 Omnia
516 1386 715 1455 poenamm
736 1386 932 1456 percurrere
953 1359 1104 1429 nomina
1123 1360 1273 1453 possim.

418 1477 517 1547 Haeo
534 1476 598 1544 ubi
616 1477 709 1546 dicta
730 1477 831 1547 dedit
847 1475 987 1545 Phoebi
1007 1477 1177 1570 longaeva
1199 1474 1385 1546 sacerdos:

360 1592 430 1663 Sed
445 1594 521 1688 jam
542 1617 626 1688 age,
648 1617 751 1685 carpe
770 1593 884 1678 viam,
911 1609 947 1660 et
965 1609 1172 1682 susceptum
1191 1588 1319 1683 perfice
1339 1611 1509 1662 munus:

359 1707 637 1793 Adceleremus,
664 1709 721 1776 ait.
764 1706 970 1799 Cyclopum
989 1704 1113 1774 educta
1135 1704 1286 1774 caminis

359 1822 508 1894 Moenia
527 1821 736 1916 conspicio,
764 1839 870 1913 atque
890 1820 1036 1890 adverso
1058 1818 1192 1889 fornice
1212 1838 1358 1913 poam,

360 1937 460 2007 Haec
480 1935 541 2005 ubi
560 1961 628 2006 nos
646 1954 833 2030 praecepta
847 1935 977 2032 jubent
997 1935 1177 2030 deponere
1198 1935 1311 2007 dona.'

360 2051 525 2138 Dixerat,
548 2071 583 2121 et
600 2051 747 2143 pariter,
774 2052 878 2146 gressi
898 2075 961 2145 per
982 2075 1093 2143 opaca
1113 2050 1277 2137 viarum,

363 2165 584 2259 Conripiunt
603 2153 757 2258 spatium
778 2165 966 2254 medium,
990 2164 1201 2258 foribusque
1222 2165 1480 2260 propinquant.

362 2283 528 2374 Occupat
543 2279 678 2350 Aeneas
697 2281 859 2368 aditum,
879 2305 1082 2375 corpusque
1101 2280 1231 2350 recenti

361 2395 502 2492 Spargit
522 2421 639 2487 aqua,
664 2421 877 2488 ramumque
897 2396 1042 2467 adverso
1068 2397 1104 2464 in
1126 2396 1252 2466 limine
1272 2395 1355 2492 figit.

422 2510 488 2582 His
508 2510 659 2581 demum
679 2512 831 2599 exactis,
852 2510 1007 2606 perfecto
1029 2536 1176 2581 munere
1196 2511 1318 2600 divae,

362 2625 545 2698 Devenere
566 2628 667 2696 locos
687 2628 815 2715 laetos,
834 2645 870 2698 et
888 2651 1040 2696 amoena
1058 2626 1166 2696 vireta

361 2741 640 2812 Fortunatonrm
660 2765 874 2831 nemomm,
893 2742 1065 2834 sedesque
1082 2740 1211 2813 beatas.

361 2855 508 2954 Largior
526 2851 587 2926 hie
603 2881 752 2950 campos
770 2859 885 2928 aether
902 2877 937 2928 et
955 2857 1092 2928 lumine
1108 2857 1214 2928 vestit

361 2971 545 3066 Purpureo
564 3001 572 3050 ;
598 2974 785 3065 solemque
806 2997 940 3063 suum,
968 2995 1029 3045 sna
1050 2973 1161 3044 sidera
1179 2990 1323 3044 norunt.

361 3086 442 3158 Pars
461 3088 495 3155 in
516 3088 704 3184 gramineis
722 3109 884 3159 exercent
900 3088 1062 3159 membra
1083 3088 1264 3182 palaestris
1282 3118 1291 3166 ;

362 3201 600 3271 Contendunt
618 3201 725 3289 ludo,
749 3221 784 3272 et
804 3202 899 3272 fulva
919 3205 1096 3273 luctantur
1116 3228 1239 3278 arena:

362 3315 445 3384 Pars
462 3315 616 3411 pedibus
635 3317 814 3407 plaudunt
829 3320 996 3406 choreas,
1021 3339 1055 3388 et
1075 3320 1228 3388 carmina
1250 3318 1383 3388 dicunt.

362 3428 439 3498 Nec
459 3453 535 3498 non
556 3430 738 3502 Threicius
757 3434 865 3530 longa
883 3458 965 3503 cum
986 3453 1084 3538 reste¹
1100 3433 1259 3505 sacerdos

363 3544 587 3636 Obloquitnr
608 3548 762 3616 numeris
782 3567 918 3640 septem
938 3549 1140 3618 discrimina
1160 3574 1316 3619 vocum:

358 3660 512 3753 Jamque
534 3660 658 3729 eadem
679 3660 819 3758 digitis,
834 3665 909 3759 jam
930 3665 1072 3757 pectine
1090 3666 1208 3757 pul-sat
1226 3663 1372 3735 eburno.

361 3772 432 3846 Hic
449 3802 558 3872 genus
579 3774 768 3868 antiquom
786 3777 937 3866 Teucri,
957 3780 1191 3871 pulcherrima
1209 3782 1352 3872 proles,

362 3891 583 3989 Magnanimi
601 3894 747 3981 heroes,
769 3894 841 3963 nati
859 3894 1069 3965 melioribus
1089 3897 1211 3983 annis,

362 4006 534 4099 Ilusque,
559 4007 837 4100 Assaracusque,
865 4029 899 4079 et
920 4010 1050 4080 Troiae
1068 4010 1256 4081 Dardanus
1273 4031 1402 4081 auctor.

361 4120 469 4190 Arma
489 4124 634 4215 procul,
656 4147 846 4215 currusque
866 4127 983 4194 virt'rm
999 4127 1145 4196 miratur
1165 4127 1291 4197 inanis.

360 4237 459 4306 Stant
475 4256 559 4305 terra
580 4237 714 4306 defixae
733 4238 872 4326 hastae,
895 4242 1102 4334 passimque
1124 4243 1231 4313 soluti

360 4351 425 4420 Fer
445 4377 593 4446 campos
612 4371 801 4445 pascuntur
824 4356 919 4447 eqni.
968 4382 1059 4449 quae
1077 4358 1183 4453 gratia
1202 4381 1367 4427 curruum

358 4467 627 4559 firmorumque
649 4467 716 4537 fnit
731 4469 843 4556 viris,
866 4497 957 4562 quae
978 4496 1058 4541 cura
1077 4472 1223 4542 nitentis

358 4582 501 4654 Pascere
522 4608 656 4676 equos,
678 4583 803 4652 eadem
822 4588 981 4678 sequitur
1000 4589 1124 4660 tellure
1144 4605 1319 4680 repostos,
