3750 6217
510 688 959 805 lanuino-s
1017 693 1103 801 in..
1155 716 1321 815 'em

330 896 499 1022 Οἱιιιὶιιιιε
518 897 577 965 lat
554 915 597 966 us
617 895 797 983 humeris,
819 896 1030 987 multosque
1052 905 1201 966 suorum

329 1126 394 1195 Ast
415 1125 539 1196 alios
527 1150 648 1195 secum
662 1117 822 1194 includit
840 1123 1041 1217 recipitque
1060 1125 1202 1196 ruentis.

330 1240 386 1310 De
370 1242 517 1311 inens!
550 1266 615 1333 qur
605 1233 842 1309 Rutuluin'
835 1264 872 1307 ιιι
893 1239 1058 1308 medio
1040 1264 1115 1308 non
1135 1231 1278 1337 agmine
1296 1263 1417 1337 regem

329 1352 427 1425 Vide
420 1356 472 1425 rit
491 1356 784 1447 inrumpentem,
808 1357 860 1424 ult
849 1375 978 1447 troque
998 1337 1177 1426 incluserit
1197 1352 1298 1423 urbi':

330 1473 522 1541 Iomanem
541 1461 650 1541 ieluti
672 1494 801 1562 pecora
821 1470 911 1539 iuter
929 1469 1053 1539 inertia
1071 1467 1200 1566 tigrim

331 1578 519 1655 Continuo
545 1605 639 1653 nova
660 1587 731 1653 lux
744 1583 858 1654 o'culis
876 1562 1031 1674 ellulsit‚
1055 1601 1090 1654 et
1104 1581 1201 1653 arma

330 1685 566 1770 Horrendu'r'n
587 1693 737 1769 sonuere
759 1728 767 1765 ι
797 1707 956 1771 tremunt
977 1700 1016 1767 in
1035 1700 1164 1770 veitice
1183 1699 1304 1769 'cristae

331 1815 375 1886 Sa
364 1816 573 1912 nguiueae;
601 1816 793 1907 clipeoque
814 1811 980 1883 micantia
1001 1811 1154 1883 fulmina
1174 1814 1296 1883 mittit.

332 1928 571 2027 Adgnoscunt
591 1926 750 1998 faciem
742 1954 895 1998 nursam
918 1949 1024 2030 atque
1046 1927 1205 1998 inmania
1222 1891 1387 1996 memlrra

332 2045 481 2116 Turbati
503 2029 622 2115 subito
644 2012 842 2114 leueadae.
879 2048 959 2113 'tum
983 2043 1192 2114 Pandarus
1184 2065 1310 2141 ingens

331 2160 414 2228 Emi
417 2179 493 2247 cat,
517 2179 552 2229 et
571 2161 698 2230 mortis
720 2158 887 2228 iraternae
908 2159 1091 2230 lertidus
1084 2163 1132 2228 rra

331 2273 463 2345 Ell'atur
484 2304 491 2341 :
520 2273 607 2343 Nou
625 2275 710 2344 haec
731 2265 862 2343 dotalis
881 2274 974 2369 regia
995 2272 1163 2368 Amatae,

333 2389 409 2460 Nec
431 2378 542 2459 muris
561 2377 707 2470 coliibet
725 2387 844 2481 patriis
865 2388 986 2457 media
1004 2388 1117 2457 Ardea
1138 2370 1316 2458 Turnum.

331 2503 481 2574 Castra
474 2503 621 2586 mimica
638 2503 768 2574 vides.
798 2502 897 2570 nulla
918 2501 953 2569 lr'
929 2511 1002 2572 nu'c
1021 2503 1113 2571 exire
1134 2506 1302 2594 potestas.

332 2618 411 2688 Olli
432 2618 619 2722 subridens
638 2606 760 2689 sedato
779 2623 924 2710 pectore
945 2615 1111 2686 Turnus.

334 2733 477 2825 Incipe,
504 2732 532 2803 si
553 2758 624 2840 qua
646 2733 770 2802 animo
791 2731 922 2818 virtus,
948 2739 983 2802 e't
1001 2730 1147 2825 consere
1163 2716 1344 2801 dextram:

335 2843 401 2917 Hic
422 2847 530 2917 etiam
553 2848 740 2928 inventum
758 2846 901 2916 Priamo
922 2815 1076 2917 natralris
1094 2833 1284 2913 Achillem.

335 2961 488 3032 Dixerat.
529 2961 588 3028 ille
611 2961 736 3029 trulem
757 2959 919 3038 nodiset
940 2981 1069 3030 cortice
1061 2958 1198 3027 crudo
1287 3043 1303 3066 N

335 3078 523 3167 lutorquet
544 3073 696 3146 summis
715 3074 868 3145 adnixus
884 3074 1020 3160 viribus
1042 3058 1187 3145 hastam

336 3192 513 3284 Excepere
533 3215 636 3260 aurae
654 3190 806 3266 volnus;
826 3189 984 3260 Saturnia
1001 3189 1106 3277 Juno

333 3306 475 3376 Detorsi
469 3323 492 3374 ·t
511 3305 679 3384 ueniens}
706 3325 903 3421 portaeque
922 3305 1077 3402 infigitur
1097 3297 1205 3373 hasta.

333 3420 379 3491 lt
401 3445 476 3491 non
497 3420 567 3491 hoc
586 3409 718 3510 telum,
742 3443 823 3492 mea
844 3421 999 3512 quod
966 3445 1002 3489 ιι
1024 3420 1166 3490 dextera
1184 3404 1320 3506 versat‚‘

333 3525 516 3632 Effugies:
546 3535 785 3629 nequeenim
805 3537 834 3608 is
854 3532 916 3607 teli
935 3559 1002 3606 nec
1020 3535 1178 3605 volneris
1196 3551 1327 3606 auctor.

333 3650 388 3720 Sic
408 3651 473 3739 ait,
497 3670 531 3723 et
549 3652 731 3722 sublatum
753 3651 823 3723 alte
843 3651 1025 3749 consurgit
1046 3634 1084 3720 in
1104 3642 1247 3736 ensein3
1294 3745 1300 3754 .

334 3765 377 3834 Et
395 3765 556 3856 mediam
578 3765 668 3848 ferro
691 3767 833 3865 gemina
854 3759 944 3838 intei
965 3765 1129 3859 lernp'ora
1149 3757 1308 3833 frontem‘

336 3879 496 3964 Dividit,
519 3880 748 3974 inpubesque
769 3882 906 3952 inmani
923 3883 1070 3952 voluere
1090 3881 1211 3949 malas.

335 3992 391 4062 fit
410 3985 520 4082 sontis
542 4020 549 4059 :
581 3995 714 4091 ingenti
737 3983 910 4068 concussa
928 3997 981 4068 est
1000 3979 1162 4089 pondere
1182 3985 1298 4064 tellus.¹

333 4105 539 4176 Conlabsos
556 4125 648 4177 artus
667 4105 800 4201 atque
794 4124 890 4181 arura
910 4108 1053 4182 cruenta
1075 4107 1229 4180 cerebro

331 4219 460 4290 Sternit
476 4221 597 4290 h'unii
606 4221 793 4293 morietis:
823 4242 931 4317 atque
953 4226 1006 4295 illi
1029 4221 1188 4318 partibus
1208 4221 1359 4314 aequis

335 4334 416 4403 Huc
436 4352 544 4429 caput
563 4356 671 4428 atque
692 4317 777 4406 illuc
798 4339 950 4410 hurnero'
969 4357 1014 4410 ex
1034 4357 1191 4445 utroque
1212 4322 1399 4438 pependit«

336 4447 541 4547 Diffugiunt
559 4471 649 4522 versi
639 4447 804 4545 trepida
828 4424 1023 4526 fonniclin'e
1042 4441 1166 4525 Tro'e's.

336 4564 381 4635 Fet
401 4566 429 4638 si
451 4566 627 4639 continuo
647 4561 821 4639 victorem
842 4590 882 4638 ea
903 4585 984 4642 cura
1003 4557 1177 4659 subisset5
1198 4649 1213 4656 ,-

1183 4651 1301 4755 ἰιι
