3750 6217
531 774 1352 880 AENE1nosrx.v.3r5.·
1465 808 1544 882 319

335 944 406 1020 Sed
425 969 502 1017 non
522 949 671 1045 augurio
692 951 815 1043 potuit
833 950 1011 1045 depellere
1031 969 1181 1046 pestem.

335 1062 417 1135 Tris
431 1065 534 1161 juxta
552 1060 713 1137 famulos
731 1084 863 1137 temere
882 1068 973 1137 inter
991 1069 1061 1138 tela
1073 1068 1249 1162 jacentis,

333 1176 631 1276 Armigerumque
652 1177 811 1251 Remum
831 1181 982 1276 premit,
1003 1182 1234 1280 aurigamque
1254 1179 1321 1253 sub
1341 1180 1431 1277 ipsis

334 1292 471 1365 Nactus
490 1293 591 1386 equis
609 1322 618 1371 ;
645 1291 813 1389 ferroque
833 1314 925 1367 secat
945 1296 1141 1390 pendentia
1160 1299 1275 1381 colla:

334 1408 436 1478 Tum
456 1424 563 1503 caput
582 1409 652 1502 ipsi
671 1407 784 1481 aufert
804 1410 985 1500 domino,
1009 1430 1249 1505 nuntumque
1270 1411 1442 1504 relinquit

336 1521 513 1621 Sanguine
531 1523 785 1621 singultantem
807 1553 815 1595 s
845 1544 920 1596 atro
942 1523 1116 1621 tepefacta
1136 1551 1258 1598 cruore

334 1639 442 1709 Terra
461 1639 603 1731 torique
621 1639 778 1711 madent.
814 1664 881 1711 nec
900 1664 978 1711 non
997 1641 1266 1735 Lamyrumque
1282 1640 1538 1738 Lamumque,

334 1749 381 1825 Et
393 1755 563 1852 juvenem
583 1750 792 1845 Sarranum,
814 1756 878 1825 illa
895 1756 961 1849 qui
979 1757 1263 1850 plurimanocte
1303 1837 1306 1844 ,

336 1869 501 1957 Luserat,
528 1868 676 1967 insignis
696 1868 804 1959 facie,
830 1873 1024 1965 multoque
1041 1870 1182 1968 jacebat

334 1982 498 2053 Membra
518 1983 588 2054 deo
611 1984 753 2057 victus:
782 1983 894 2074 felix,
919 1986 949 2057 si
972 2004 1144 2081 protenus
1169 1986 1277 2057 illum

334 2095 532 2192 Aequasset
549 2099 647 2170 nocti
668 2098 823 2190 ludum,
849 2101 888 2169 in
909 2101 1105 2195 lucemque
1126 2102 1275 2174 tulisset.

334 2213 504 2307 Inpastus
524 2239 587 2284 ceu
606 2216 713 2308 plena
732 2216 789 2285 leo
808 2240 871 2310 per
889 2216 997 2286 ovilia
1017 2216 1184 2296 nubans;

333 2326 468 2399 Suadet
487 2329 585 2417 enim
604 2353 732 2402 vesana
751 2328 881 2409 famem
900 2331 1113 2424 manditque
1133 2332 1309 2425 trahitque

334 2442 450 2515 Molle
470 2468 608 2538 pecus,
633 2463 852 2538 mutumque
870 2463 970 2518 metu
994 2474 1002 2513 ι
1031 2443 1151 2517 fremit
1170 2471 1231 2517 ore
1250 2465 1407 2520 cruento.

333 2557 411 2630 Nec
430 2560 550 2630 minor
570 2559 711 2654 Euryali
737 2559 870 2631 caedes.
913 2560 1079 2632 incensus
1097 2578 1132 2631 et
1149 2562 1227 2654 ipse

334 2671 502 2755 Perfurit3
525 2699 565 2745 ac
582 2676 737 2746 multam
755 2676 794 2745 in
813 2674 938 2746 medio
958 2676 1034 2747 sine
1056 2676 1207 2746 nomine
1226 2675 1398 2771 plebem,

332 2788 566 2883 Fadumque,
581 2789 856 2883 Herbesumque
872 2789 988 2880 subit,
1004 2790 1280 2883 Rhoetumque,
1296 2790 1535 2888 Arabimque,

334 2903 503 3003 Ignaros;
527 2903 711 2976 Rhoetum
728 2904 963 3003 vigilantem,
990 2922 1026 2976 et
1044 2925 1169 2978 cuncta
1187 2905 1393 2987 videntem3

224 3031 231 3046 ’
332 3017 403 3092 Sed
421 3043 596 3118 magnum
615 3038 779 3092 metuens
799 3042 835 3092 se
855 3038 940 3112 post
959 3038 1087 3092 cratera
1106 3018 1267 3118 tegebat:

333 3134 479 3216 Pectore
499 3136 537 3204 in
556 3134 702 3205 adverso
724 3152 846 3206 totum
864 3134 921 3205 cui
942 3135 1150 3207 comminus
1170 3160 1294 3206 ensem

333 3249 511 3322 Condidit
530 3250 753 3348 adsurgenti,
782 3268 817 3320 et
834 3251 950 3321 multa
968 3264 1085 3321 morte
1102 3250 1244 3344 recepit

333 3365 553 3460 Purpuream
570 3366 688 3438 vomit
708 3365 768 3436 ille
788 3364 948 3435 animam
964 3396 973 3445 ;
999 3385 1138 3437 etcum
1158 3365 1328 3463 sanguine
1345 3364 1459 3439 mixta

333 3480 430 3551 Vina
446 3480 548 3553 refert
565 3481 733 3553 moriens.
771 3478 830 3550 hic
847 3479 943 3552 furto
962 3480 1116 3552 fervidus
1136 3482 1251 3552 instat.

328 3596 484 3691 Jamque
504 3597 550 3668 ad
566 3596 722 3693 Messapi
742 3594 862 3669 socios
881 3595 1070 3685 tendebat,
1092 3596 1155 3666 ubi
1173 3596 1297 3694 ignem

332 3711 490 3785 Deficere
510 3729 731 3801 extremum,
755 3731 791 3783 et
809 3710 974 3809 religatos
990 3712 1055 3783 rite
1071 3711 1217 3783 videbat

333 3827 484 3920 Carpere
505 3851 648 3922 gramen
667 3850 782 3919 equos
798 3856 807 3905 ;
837 3825 987 3899 breviter
1006 3851 1122 3920 quom
1140 3826 1223 3896 talia
1242 3824 1374 3915 Nisus,

333 3940 476 4036 (Sensit
494 3940 593 4009 enim
612 3941 725 4010 nimia
745 3939 851 4012 caede
871 3958 980 4036 atque
997 3940 1167 4035 cupidine
1187 3938 1291 4033 ferri)

330 4056 577 4142 Absistemus,
597 4055 647 4125 a'rt
671 4080 679 4121 r
708 4077 795 4124 nam
810 4055 876 4146 luat
893 4056 1041 4127 inimica
1057 4053 1291 4150 prdpinquat

331 4171 534 4241 Poenanim
552 4168 763 4239 exhaustum
783 4168 865 4241 satis
885 4189 937 4242 est
958 4199 966 4240 ε
995 4171 1053 4242 via
1069 4169 1159 4241 facta
1177 4196 1241 4265 per
1259 4170 1389 4245 hostes.

331 4285 451 4355 Multa
466 4286 583 4355 virum
602 4282 722 4355 solido
742 4301 889 4379 argento
906 4284 1059 4380 perfecta
1077 4286 1289 4378 relinquunt

333 4398 514 4492 Antraque
534 4418 754 4493 craterasque
772 4398 904 4487 simul,
926 4401 1168 4496 pulchrosque
1187 4418 1333 4494 tapetas.

334 4514 507 4609 Euryalus
526 4516 684 4610 phaleras
702 4512 935 4604 Rhamnetis,
959 4534 996 4588 et
1011 4541 1112 4587 aurea
1133 4514 1244 4587 bullis

333 4630 512 4729 Cingula,
538 4629 679 4702 Tiburti
698 4628 856 4702 Remulo
875 4630 1073 4706 ditissimus
1091 4631 1184 4703 olim
