3750 6217
439 759 888 837 aauernos
944 760 1023 835 xr.
1082 786 1115 833 v.
1167 762 1260 835 ns.
1381 755 1460 852 3⁶9
1579 805 1580 808 κ

249 928 340 1003 Ecce
360 952 486 1023 super,
509 928 634 1001 rna'esti
653 929 783 1031 magna
803 928 994 1000 Diomedis
1014 924 1057 998 ab
1079 925 1166 997 urbe
1241 914 1244 925 ¹

249 1044 375 1144 Legati
394 1069 564 1139 responsa
584 1042 701 1117 ferunt
724 1075 731 1115 :
762 1042 863 1115 Nihil
885 1044 1057 1115 omnibus
1081 1058 1201 1112 actum

250 1158 454 1231 Tantorum
479 1160 637 1254 inpensis
658 1185 812 1256 operum
835 1188 843 1229 :
872 1161 925 1230 nil
946 1159 1067 1244 dona,
1088 1180 1209 1249 neque
1228 1176 1377 1246 aurum,

250 1273 328 1347 Nec
346 1298 494 1373 magnas
513 1276 665 1348 valuisse
686 1301 832 1372 preces:
863 1276 930 1346 alia
950 1298 1047 1346 arma
1065 1271 1197 1344 Latinis

252 1387 488 1496 Quaerenda,
510 1406 571 1462 aut
594 1415 722 1486 pacem
741 1391 900 1463 Troiano
925 1390 970 1463 ab
990 1413 1071 1488 rege
1091 1385 1301 1484 petendum,-

251 1503 382 1577 Deficit
402 1505 538 1604 ingenti
557 1508 654 1578 luctu
671 1529 731 1579 ren
748 1509 824 1603 ipse
845 1505 1001 1579 Latinus.

210 1617 215 1627 ’
253 1617 413 1692 Fatalem
435 1621 582 1692 Aenean
603 1622 792 1696 manifesto
816 1622 968 1695 numine
985 1618 1088 1708 ferri,

252 1734 441 1809 Admonet
459 1737 507 1807 ira
529 1737 664 1827 desim,
685 1738 892 1832 tumulique
910 1753 990 1808 ante
1009 1760 1070 1805 ora
1085 1750 1247 1809 recentes

253 1849 347 1951 Ergo
368 1852 563 1923 concilium
583 1859 780 1953 magnum,
801 1855 1012 1950 primosque
1031 1859 1182 1922 suorum

253 1964 415 2061 Imperio
439 1965 598 2057 adcitos3
617 1972 687 2040 alta
704 1971 791 2041 intra
808 1970 934 2039 limina
953 1968 1056 2066 cogit
1155 2002 1159 2009 ·

251 2081 330 2153 Olli
348 2104 571 2171 convenere,
598 2082 788 2176 fluuntque
808 2083 854 2154 ad
874 2084 968 2182 regia
989 2083 1106 2177 plenis
1227 2162 1230 2169 ‚

254 2194 366 2268 Tecta
384 2196 458 2268 viis.
500 2196 598 2270 sedet
618 2201 656 2270 in
679 2200 808 2273 mediis
832 2216 866 2270 et
887 2214 1080 2270 maxumus
1100 2220 1213 2289 aevo,
1255 2224 1261 2236 ·

256 2311 302 2384 Et
320 2312 459 2407 primus
476 2314 641 2408 sceptris,
663 2316 761 2386 haud
781 2317 870 2386 laeta
890 2313 1026 2401 fronte,
1046 2311 1203 2386 Latinus.

255 2427 376 2520 Atque
393 2422 452 2499 hic
470 2428 606 2526 legatos
626 2430 753 2500 Aetola
775 2454 818 2500 ex
834 2429 922 2498 urbe
937 2429 1129 2515 remissos,

255 2540 361 2649 Quae
378 2540 550 2632 referant,
569 2541 632 2615 fari
649 2544 778 2643 jubet,
800 2560 835 2614 et
854 2567 1024 2639 responsa
1040 2544 1196 2637 reposcit

255 2657 393 2730 Ordine
412 2672 538 2731 cuneta
557 2683 635 2735 suo.
675 2661 775 2733 Tum
790 2657 879 2730 facta
899 2658 1035 2756 silentia
1054 2659 1206 2757 linguis,

256 2771 302 2844 Et
315 2771 484 2846 verulus
502 2774 597 2846 dicto
616 2783 744 2871 parens
761 2777 805 2847 ita
827 2773 926 2845 farier
943 2772 1044 2843 infit:

312 2886 503 2976 Vidimus,
524 2914 547 2961 o
565 2890 680 2979 cives,
704 2889 886 2961 Diomede
907 2889 1107 2987 Argivaque
1126 2903 1252 2969 castra;

256 3001 376 3097 Atque
394 3004 459 3074 iter
478 3007 614 3078 emensi
633 3029 734 3078 casus
754 3005 998 3100 superavimus
1019 3006 1160 3103 omnis}

257 3116 560 3218 contigimusque
577 3145 753 3211 manum,
777 3144 848 3214 qua
864 3118 1022 3192 concidit
1041 3104 1107 3190 Ilia
1128 3121 1242 3192 tellus.

257 3233 327 3305 Ille
345 3226 473 3310 urbem
492 3234 725 3334 Argyripam,
746 3237 875 3336 patriae
895 3235 1116 3337 cognomine
1133 3237 1271 3334 gentis,

255 3346 382 3421 Victor
401 3347 553 3449 Gargani
572 3351 751 3423 condebat
769 3349 912 3451 Iapygis
930 3349 1026 3423 arvis.

257 3463 455 3558 Postquam
473 3466 695 3567 introgressi,
720 3475 755 3539 et
774 3491 894 3538 coram
913 3465 993 3536 data
1012 3465 1117 3558 copia
1135 3462 1254 3546 fandi;

258 3579 406 3651 Munera
425 3579 676 3676 praeferimus,
697 3606 837 3654 nomen
857 3580 1079 3677 patriamque
1100 3579 1294 3654 docemus:

257 3693 335 3800 Qui
355 3694 497 3768 bellum
522 3693 730 3788 intulerint,
756 3721 847 3791 quae
866 3719 988 3768 caussa
1007 3696 1190 3766 adtraxerit
1206 3694 1333 3790 Arpos

258 3808 399 3885 Auditis
420 3813 480 3884 ille
502 3813 588 3886 haec
606 3814 751 3909 placido
774 3815 822 3886 sic
839 3811 996 3884 reddidit
1015 3835 1095 3882 ore:

259 3951 283 3981 ιι
296 3925 332 3996 Ο
347 3923 544 4000 sommatae
562 3945 706 4027 gentes,
726 3927 885 4001 Saturnia
905 3936 1030 4024 regna,

206 4080 211 4085 -
259 4039 445 4134 „Antiqui
463 4040 636 4133 Ausonii,
660 4068 752 4138 quae
773 4067 840 4116 vos
860 4042 1003 4114 fortuna
1025 4039 1166 4133 quietos

260 4197 283 4228 ‚2
294 4154 488 4246 Sollicitat,
512 4159 708 4253 suadetque
729 4162 852 4261 ignota
872 4160 1038 4230 lacessere
1057 4155 1187 4228 bella?

259 4272 531 4379 „Quicumque
552 4273 680 4347 Iliacos
702 4274 791 4347 seno
816 4274 1031 4346 violavimus
1051 4285 1170 4370 agros,

258 4428 284 4462 ss
298 4388 428 4483 (Mitto
448 4415 510 4479 ea,
531 4413 622 4483 quae
642 4393 753 4465 muris
772 4389 944 4462 bellando
963 4389 1129 4460 exhausta
1145 4383 1211 4460 sub
1229 4390 1325 4478 altis,
1401 4435 1404 4441 ·

260 4503 403 4610 „Quos
422 4502 555 4578 Simois
572 4521 711 4600 premat
734 4507 795 4579 ille
814 4506 935 4599 viros)
957 4503 1102 4576 infanda
1118 4528 1183 4598 per
1202 4504 1328 4576 orbem

259 4656 284 4694 o
297 4603 502 4718 Supplicia,
516 4637 561 4723 ⁸et
579 4621 755 4696 scelerum
772 4646 907 4720 poenas
928 4619 1166 4716 expendimus
1189 4643 1341 4708 omnes,

1102 4735 1134 4806 A
1146 4760 1167 4806 a
1179 4760 1200 4807 a
