3750 6217
370 1065 375 1074 .
475 941 935 1072 ECLOGA
1001 942 1454 1071 TERTIA.
1574 933 1586 1036 -Ϊ

361 1218 1383 1401 Piniano
1457 1131 1598 1396 u(

430 1545 1479 1632 MENALcAs‚DnMoETAs‚PALAEMON.
1564 1487 1575 1607 J
1673 1554 1678 1560 ·

815 1798 1100 1854 MENALCA&

358 2000 464 2073 DIC
482 2002 591 2092 mihi,
613 2000 816 2089 Damoeta,
841 2001 963 2097 cujum
982 2025 1092 2094 pecus
1113 2001 1129 2071 Ρ
1158 2025 1204 2072 an
1223 1999 1427 2074 Meliboei?

811 2135 1106 2189 DAMOETA&

358 2233 446 2306 Non
462 2265 470 2313 ;
499 2258 624 2304 verum
647 2229 804 2331 Aegonis
824 2260 832 2300 ε
862 2257 977 2327 nuper
995 2234 1085 2303 mihi
1104 2235 1249 2307 tradidit
1264 2231 1404 2335 Aegon.

822 2357 1097 2421 mansues&
1377 2373 1380 2378 ’

266 2451 273 2466 ’
358 2464 491 2538 Infelix
511 2489 534 2535 o
552 2488 713 2558 semper,
737 2489 845 2553 oves,
869 2489 977 2558 pecus
998 2464 1006 2531 !
1031 2466 1107 2559 ipse
1125 2463 1296 2538 Neaeram

358 2578 458 2649 Dum
476 2577 593 2667 fovet,
616 2603 673 2667 ac,
698 2605 745 2650 ne
762 2605 821 2649 me
843 2579 909 2651 sibi
928 2576 1097 2673 praeferat
1116 2582 1201 2669 illa,
1228 2598 1392 2671 veretur,

255 2728 259 2737 ·
357 2693 457 2765 Hicc’
478 2696 614 2766 alienus
634 2694 711 2767 ovis
733 2713 851 2766 custos
870 2693 926 2765 bis
945 2697 1082 2793 mulget
1099 2698 1136 2766 in
1155 2697 1264 2770 hora:

356 2808 404 2881 Et
421 2833 524 2881 sucus
542 2811 684 2904 pecori,
714 2828 749 2889 et
773 2811 826 2882 lac
845 2810 1051 2883 subducitur
1068 2812 1175 2911 agnis.

807 2944 1104 2997 DAMOETAs

357 3036 497 3114 Parcius
517 3042 582 3114 ista
600 3042 682 3112 viris
699 3060 820 3113 tamen
839 3042 1040 3139 objicienda
1059 3062 1255 3117 memento.

356 3155 536 3229 Novimus
556 3176 591 3228 et
609 3158 670 3249 qui
691 3176 750 3245 te,
779 3176 970 3229 transversa
986 3160 1168 3231 tuentibus
1183 3161 1319 3249 hircis,

356 3271 403 3342 Et
422 3297 523 3366 quo,
551 3272 614 3343 sed
631 3270 750 3345 faciles
771 3272 963 3367 Nymphae
986 3274 1110 3364 risere,
1136 3277 1275 3347 sacello.

823 3407 1094 3457 MENALcns

355 3499 479 3590 Tum,
497 3499 625 3587 credo,
653 3524 768 3592 quom
786 3526 846 3569 me
863 3500 1046 3571 arbustum
1062 3501 1179 3571 videre
1197 3500 1384 3594 Mycenis,

355 3614 476 3711 Atque
494 3617 589 3688 mala
608 3614 690 3687 vitis
710 3614 864 3685 incidere
885 3614 974 3684 falce
993 3618 1162 3686 novellas.
1382 3599 1384 3604 ⁵

820 3748 1100 3800 nunonis&

355 3844 430 3921 Aut
447 3841 507 3919 hic
523 3846 569 3918 ad
587 3865 719 3918 veteres
739 3843 860 3943 lagos,
884 3869 999 3938 quom
1020 3843 1222 3938 Daphnidis
1241 3868 1361 3917 arcum

355 3964 500 4063 Faegisti
521 3982 557 4035 et
580 3965 737 4034 calamos
762 3988 769 4029 :
800 3986 892 4054 quae
912 3980 975 4049 tu,
997 3984 1154 4053 perverse
1173 3960 1360 4052 Menalca,

355 4079 403 4150 Et
423 4104 539 4172 quom
562 4078 682 4149 vidisti
703 4102 814 4172 puero
836 4077 990 4166 donata,
1021 4076 1189 4148 dolebas:

355 4193 424 4283 Et,
453 4195 481 4265 si
501 4217 578 4264 non
597 4195 716 4287 aliqua
734 4192 941 4280 nocuisses,
968 4212 1130 4262 mortuus
1150 4216 1250 4263 esses.

810 4325 1107 4380 Mnunncns

356 4423 463 4529 Quid
483 4423 625 4494 domini
646 4407 795 4511 faciant,
819 4422 952 4493 audent
972 4448 1087 4513 quom
1106 4422 1188 4492 talia
1208 4420 1334 4494 sures?

355 4540 444 4610 Non
465 4565 530 4637 ego
551 4558 585 4610 te
604 4537 679 4608 vidi
703 4537 909 4624 Damonis,
934 4540 1111 4631 pessime,
1139 4562 1286 4629 capnim

356 4653 527 4758 Excipere
547 4651 711 4746 insidiis,
738 4654 896 4725 multum
915 4654 1060 4726 latrante
1080 4651 1255 4748 Lycisca?
