3750 6217
727 744 878 815 1⁵4
1109 720 2001 795 AENE1nos
2120 724 2237 793 11.
2356 746 2421 795 v.
2534 722 2763 813 556.

713 888 1195 989 Regnatorem
1233 886 1458 959 Asiae.
1529 890 1714 985 jacet
1751 888 2001 985 iugens
2041 886 2247 959 litore
2278 908 2579 963 truncus
2610 944 2639 981 ,

715 1006 1214 1097 Avolsumque
1247 1002 1562 1077 humeris
1603 1021 1818 1097 caput
1843 1058 1862 1090 ‚
1914 1022 1983 1074 et
2024 1003 2173 1073 sine
2214 1006 2523 1075 nomine
2564 1030 2905 1103 corpus.

831 1120 924 1190 At
961 1146 1080 1189 me
1116 1138 1268 1188 tum
1315 1118 1632 1211 primum
1679 1144 1924 1189 saevus
1960 1118 2421 1193 circumstetit
2460 1120 2797 1203 horror:

717 1234 1088 1329 Obstupui
1127 1263 1140 1302 :
1203 1234 1420 1305 subiit
1459 1235 1594 1305 cari
1635 1236 1971 1333 genitoris
2012 1235 2251 1333 imago
2276 1290 2297 1325 ‚

715 1354 814 1423 Ut
851 1376 1084 1445 regem
1124 1376 1570 1441 aequaevum
1608 1352 1871 1421 crudeli
1914 1354 2203 1421 volnere
2243 1352 2395 1423 vidi

717 1468 970 1539 Vitam
1013 1466 1482 1537 exhalantem.
1567 1466 1786 1539 subiit
1825 1466 2093 1541 deserta
2136 1466 2443 1557 Creiisa,

721 1584 814 1659 Et
855 1582 1128 1676 direpta
1165 1580 1468 1671 domus,
1521 1602 1588 1653 ct
1624 1582 1820 1675 parvi
1863 1606 2066 1653 casus
2108 1582 2272 1653 Iuli.

715 1698 1056 1791 Respicio
1083 1750 1102 1785 ‚
1153 1714 1224 1767 et
1259 1722 1442 1790 quae
1485 1698 1574 1769 sit
1611 1723 1730 1767 me
1767 1698 2033 1773 circum
2078 1700 2291 1791 copia
2330 1699 2585 1781 lustro,

719 1815 1108 1887 Deseruere
1148 1836 1402 1883 ornnes
1443 1811 1696 1883 defessi
1731 1868 1752 1903 ,
1797 1832 1866 1883 et
1908 1838 2207 1906 corpora
2248 1816 2433 1885 saltu

723 1927 842 2002 Ad
880 1947 1134 2000 terram
1175 1928 1474 2015 misere,
1519 1948 1642 1999 aut
1682 1928 1969 2026 ignibus
2008 1954 2205 2027 aegra
2246 1930 2527 2003 dedere.

825 2046 1105 2141 Jamque
1149 2046 1304 2115 adeo
1347 2072 1536 2143 super
1565 2070 1723 2125 anus
1767 2070 1939 2115 eram
1988 2074 2006 2112 .·
2070 2071 2251 2141 quom
2296 2047 2527 2117 limina
2582 2048 2849 2123 Vestae

721 2163 1149 2247 Ser-vantem,
1197 2180 1258 2228 et
1307 2162 1564 2230 tacitam
1604 2180 1846 2229 secreta
1896 2163 1961 2229 in
2012 2162 2157 2229 sede
2206 2162 2501 2231 latentem

731 2276 1106 2372 Tyndarida
1154 2276 1432 2371 adspicio
1477 2304 1496 2341 .·
1559 2278 1714 2347 dant
1761 2278 1933 2345 clara
1975 2278 2269 2345 incendia
2308 2278 2511 2353 lucem

721 2392 996 2465 Erranti
1017 2446 1036 2477 ‚
1071 2392 1432 2489 passimque
1479 2392 1687 2461 oculos
1717 2418 1840 2489 per
1882 2412 2105 2471 cuncta
2128 2388 2391 2486 ferenti.

723 2510 854 2583 Illa
891 2506 1014 2575 sibi
1043 2504 1299 2601 infestos
1335 2532 1548 2575 eversa
1581 2506 1650 2575 ob
1691 2508 2009 2601 Pergama
2052 2508 2327 2589 Teucros
2351 2560 2373 2597 ,

721 2624 820 2695 Et
847 2648 1086 2723 poenas
1123 2620 1434 2691 Danazim
1477 2640 1538 2691 et
1571 2623 1802 2693 deserti
1841 2626 2129 2723 conjugis
2170 2628 2302 2693 iras

725 2740 1216 2824 Praemetuens,
1285 2738 1513 2807 Troiae
1560 2756 1620 2808 et
1653 2742 1912 2838 patriae
1960 2742 2305 2809 communis
2350 2739 2633 2835 Erinnys
2670 2794 2703 2831 ,

725 2855 1078 2927 Abdiderat
1116 2878 1250 2923 sese
1280 2906 1299 2941 ,
1347 2874 1528 2951 atque
1563 2857 1698 2923 aris
1731 2856 1938 2926 invisa
1981 2856 2251 2925 sedebat.

727 2971 1050 3043 Exarsere
1093 2972 1271 3061 ignes
1309 2972 1518 3041 animo
1560 2999 1580 3039 .·
1641 2971 1809 3041 subit
1845 2973 1951 3041 ira
1986 2972 2307 3057 cadentem

734 3087 975 3161 Ulcisci
996 3088 1285 3184 patriam
1319 3142 1340 3173 ,
1389 3105 1450 3155 et
1490 3088 1824 3169 sceleratas
1863 3112 2105 3159 sumere
2140 3112 2395 3185 peenas.

725 3202 991 3271 Scilicet
1035 3201 1186 3269 haec
1231 3202 1532 3297 Spartam
1573 3204 1903 3271 incolumis
1940 3207 2311 3299 patriasque
2364 3204 2669 3297 Mycenas

725 3318 1094 3413 Adspiciet,
1123 3334 1424 3411 partoque
1473 3316 1590 3385 ibit
1632 3322 1852 3407 regina
1892 3319 2201 3417 triumpho
2238 3324 2283 3387 a?

735 3430 1272 3528 Ctvigjizgiuinque,
1324 3432 1693 3525 domumque
1718 3485 1739 3518 ,
1771 3452 1985 3529 patres
2016 3489 2037 3522 ,
2086 3454 2381 3529 natosque
2424 3434 2721 3525 videbit,

727 3544 1014 3617 Iliadum
1065 3542 1246 3613 turba
1287 3565 1347 3615 et
1389 3546 1684 3639 Phrygiis
1731 3550 2028 3618 comitata
2072 3552 2381 3619 ministris
2416 3555 2459 3618 ἓ

733 3659 1062 3731 Occiderit
1082 3654 1262 3753 ferro
1307 3662 1607 3731 Priamus
1642 3667 1687 3732 ἓ
1757 3664 1955 3733 Troia
2001 3668 2229 3734 arserit
2270 3666 2410 3757 igni
2442 3670 2489 3734 ἓ

727 3776 1146 3857 Dardanium
1193 3780 1368 3847 toties
1406 3778 1656 3859 sudarit
1693 3781 1999 3870 sanguine
2044 3781 2192 3850 litus
2220 3786 2263 3851 θ

789 3892 833 3946 Τ
890 3947 896 3948 ff
965 3928 1001 3948 ,ι
1533 3898 1541 3910 '
1706 3901 1708 3904 ⁴
2190 3902 2202 3910 “
