3750 6217
367 728 445 821 33⁶
600 710 1049 799 AENElDOS
1106 727 1154 798 Xr
1200 751 1247 819 ,vr
1296 724 1361 794 61.

363 891 508 979 Redde,
532 900 626 978 ord,
648 890 786 962 miseris
814 916 822 958 ε
852 888 1058 982 iterumque
1078 889 1258 959 revolvere
1277 895 1380 959 'casus

280 999 284 1008 ’
364 1007 443 1095 Da,
466 1010 587 1102 pater,
614 997 745 1077 Iliacos
764 1003 922 1076 Teucris.
962 1017 1043 1073 turn
1066 1002 1158 1102 regia
1176 1001 1275 1091 Juno

364 1117 453 1196 Acta
471 1120 589 1191 lurore
609 1120 702 1219 gravi
726 1145 734 1187 ε
765 1118 868 1224 Quid
887 1130 948 1187 me
966 1119 1036 1188 alt'a
1056 1116 1196 1189 silentia
1212 1109 1311 1215 cogis

365 1235 574 1332 Rumpere,
599 1251 634 1305 et
654 1233 856 1305 obductum
873 1232 990 1305 verbis
1008 1234 1152 1330 volgare
1172 1229 1369 1304 dolorem?

366 1349 515 1425 Aenean
531 1349 727 1420 hominum
749 1348 947 1443 quisquam
967 1345 1136 1419 divdmve
1157 1345 1298 1444 subegit

367 1465 466 1538 Bella
484 1465 606 1556 sequi,
627 1478 691 1534 aut
705 1453 848 1535 hostem
868 1461 941 1560 regi
962 1487 999 1534 se
1020 1460 1146 1533 inferre
1167 1459 1329 1533 latino?
1362 1501 1367 1508 ·

367 1576 611 1678 ltallamlalls
630 1579 734 1673 petiit
753 1575 957 1650 auctoribus
974 1606 982 1656 ;
1004 1593 1081 1649 esto
1097 1605 1106 1645 z

369 1689 589 1767 Cassandrae
609 1690 777 1788 inpulsus
796 1691 895 1763 lbriis
917 1719 926 1761 ι
955 1712 1050 1762 num
1070 1692 1232 1785 linquere
1252 1693 1361 1764 castra

369 1809 510 1881 Hortati
532 1832 678 1898 sumus,
702 1825 762 1881 aut
779 1808 891 1877 vitain
909 1806 1122 1879 conmittere
1141 1807 1288 1880 ventis?

368 1923 472 1996 Num
492 1931 604 2018 puero
627 1942 808 1996 summam
826 1922 937 2011 belli,
961 1946 1052 1991 num
1074 1919 1213 1992 credere
1232 1905 1392 1993 malros?

371 2031 637 2138 Tyrrhenamve
657 2037 788 2126 fidem,
812 2051 875 2106 aut
892 2038 1006 2135 gentis
1023 2036 1151 2133 agitare
1170 2035 1340 2129 quietas?

372 2151 468 2257 Quis
486 2150 575 2223 deus
594 2153 633 2222 in
650 2151 839 2239 fraudem,
861 2170 954 2244 qnae
972 2150 1059 2221 dura
1079 2150 1242 2253 potentia
1262 2133 1375 2223 nostri

371 2255 455 2368 Egit
476 2267 493 2336 ?
521 2266 585 2336 ubi
605 2260 663 2336 hic
676 2266 798 2356 Juno,
816 2264 1015 2337 demissave
1033 2263 1194 2336 nubibus
1213 2265 1312 2338 Iris?

372 2366 573 2477 ‚indignum
594 2396 663 2470 est,
682 2380 794 2453 Italos
811 2379 961 2450 Troiam
982 2378 1199 2452 circumdare
1219 2377 1379 2456 flammis

373 2484 611 2583 Nascentem,
632 2510 668 2566 et
687 2496 798 2589 patria
818 2493 984 2565 Turnum
1006 2494 1197 2565 consistere
1216 2507 1327 2565 terrai

373 2593 446 2680 Cui
467 2607 657 2681 Pilumnus
676 2634 786 2700 avus,
806 2611 866 2679 cui
884 2610 968 2680 diva
985 2607 1131 2679 Venilia
1149 2624 1271 2681 mater.
1301 2633 1304 2640 ’

374 2711 479 2828 Quid
501 2721 576 2794 face
593 2722 774 2796 Troianos
793 2732 864 2818 atra
884 2724 960 2794 vim
979 2711 1065 2794 ferre
1086 2723 1251 2795 Latinis?

372 2822 466 2909 llrva
485 2838 601 2909 aliena
613 2839 703 2937 jugo
723 2853 904 2933 premere,
930 2853 1039 2931 atque
1058 2853 1210 2943 avertere
1229 2831 1404 2933 praedas?

375 2947 480 3057 Quid
500 2975 643 3025 soceros
663 2955 795 3051 legere,
817 2970 852 3025 et
869 2953 1010 3050 gremiis
1027 2951 1202 3025 abducere
1220 2953 1374 3047 pactas?

374 3063 506 3138 Pacem
526 3079 622 3139 orare
638 3081 772 3157 manu,
789 3067 979 3166 praefigere
997 3066 1190 3162 puppibus
1205 3083 1300 3137 arma
1318 3068 1335 3136 ?

375 3166 437 3252 Tu
455 3197 560 3275 potes
580 3181 726 3252 Aenean
745 3182 915 3254 manibus
935 3181 1132 3254 subducere
1151 3180 1321 3271 Grailrm,

376 3294 521 3386 Proque
538 3295 615 3365 viro
634 3295 805 3368 nebulam
826 3313 861 3366 et
879 3312 1008 3369 ventos
1027 3297 1222 3368 obtendere
1238 3296 1371 3369 inanisr

377 3409 422 3479 Et
440 3423 544 3500 potes
564 3408 602 3478 in
620 3410 773 3482 totidem
794 3414 944 3483 classem
963 3429 1165 3482 convertere
1185 3410 1395 3505 Nymphasr

377 3519 457 3593 Nos
477 3523 617 3615 aliquid
634 3523 789 3597 Rutulos
809 3543 931 3596 contra
946 3525 1103 3622 juvisse,
1129 3525 1329 3597 nefandum
1348 3528 1436 3600 est?

376 3635 514 3709 Aeneas
532 3638 673 3735 ignarus
692 3640 791 3712 abest
811 3668 819 3708 ε
850 3641 991 3738 ignarus
1011 3660 1046 3711 et
1064 3641 1165 3713 absit.

377 3751 440 3823 Est
459 3752 623 3846 Paphus,
651 3754 882 3848 Idaliumque
900 3755 990 3845 tibi,
1015 3774 1100 3827 sunt
1116 3758 1186 3826 alta
1201 3754 1362 3850 Cythera.

377 3866 480 3970 Quid
499 3868 678 3964 gravidam
699 3870 803 3942 bellis
821 3869 966 3958 urbem,
986 3886 1020 3941 et
1037 3870 1145 3942 corda
1165 3896 1287 3964 aspera
1306 3877 1454 3946 tentas?

378 3980 504 4052 Nosne
524 3980 589 4050 tihi
610 3980 722 4055 fluxas
743 3983 914 4081 Phrygiae
934 4008 987 4055 res
1006 3998 1136 4056 vertere
1154 3984 1272 4055 fundo

378 4092 565 4163 Conamur
586 4097 603 4166 ?
632 4120 700 4169 nos
720 4100 737 4168 ἓ
765 4123 811 4169 an
829 4099 981 4170 miseros
1001 4099 1066 4192 qui
1085 4091 1200 4172 Troas
1217 4099 1362 4173 Achivis

377 4206 524 4305 Objecit
546 4208 563 4277 ?
592 4234 685 4303 quae
706 4237 825 4284 caussa
846 4211 914 4283 luit
937 4237 1148 4314 consurgere
1169 4217 1207 4285 in
1228 4241 1325 4286 arma

379 4320 639 4415 Europamque
656 4325 875 4420 Asiamque,
898 4343 934 4398 et
954 4327 1098 4400 foedera
1120 4331 1256 4401 solvere
1275 4328 1402 4402 furto?

378 4432 440 4505 Me
457 4436 549 4507 duce
569 4435 771 4512 Dardanius
791 4440 953 4535 Spartam
973 4447 1192 4542 expugnavit
1211 4445 1381 4517 adulter?

380 4547 451 4622 Aut
470 4572 536 4649 ego
557 4545 627 4625 tela
647 4554 755 4643 dedi,
777 4554 896 4628 fovive
917 4558 1088 4651 cupidine
1106 4558 1230 4631 bella?
1263 4569 1266 4578 '
