3750 6217
371 735 457 811 roo
546 711 639 789 A‘E
667 702 996 784 Narnos
1038 708 1170 784 ¹XII.
1227 731 1262 786 t.
1317 711 1417 811 3qa.'

317 892 322 900 '
362 879 500 958 Iasides
522 908 531 950 t
560 882 629 954 acri
650 877 841 976 quondam
860 880 919 952 cui
939 897 1065 975 captus
1084 879 1207 953 amore
1281 935 1283 940 -

362 999 450 1097 Ipse
471 1023 552 1073 suas
569 1016 680 1089 artes,
703 1021 766 1073 sua
785 1020 959 1087 munera,
982 998 1094 1071 laetus
1113 995 1254 1093 Apollo
1320 991 1339 1024 '‘

362 1116 587 1218 Augurium,
607 1115 853 1210 citharamque
872 1112 1005 1204 dabat,
1031 1115 1226 1209 celerisque
1247 1118 1398 1217 sagittas

361 1233 454 1323 Ille,
472 1249 514 1306 ut
532 1232 689 1331 depositi
707 1227 880 1328 proferret
895 1230 966 1304 lata
983 1230 1160 1328 parentis,

360 1347 455 1422 Scire
471 1366 667 1445 potestates
682 1347 898 1440 herbarum,
920 1372 1103 1443 usumque
1120 1346 1295 1420 medendi

359 1464 517 1557 Maluit,
541 1481 576 1538 et
593 1485 713 1540 mutas
734 1467 864 1565 agitare
882 1465 1057 1565 inglorius
1077 1484 1176 1538 artes.
1359 1464 1362 1470 ’

362 1579 485 1655 Stabat
504 1581 626 1658 acerba
646 1581 822 1672 fremens,
845 1582 1030 1682 ingentem
1047 1582 1155 1654 nixus
1174 1583 1214 1653 in
1231 1581 1395 1674 hastam,

362 1694 528 1791 Aeneas,
549 1722 683 1799 magno
700 1703 878 1800 juvenum
897 1717 936 1771 et
952 1698 1143 1770 maerentis
1164 1698 1237 1770 Iiili

364 1811 577 1908 Concursu,
596 1816 752 1889 lacrimis
770 1814 972 1888 inmobilis
1011 1815 1074 1886 ille
1092 1831 1225 1887 retorto

364 1928 567 2008 Paeonium
586 1934 625 2005 in
644 1923 788 2006 morem
806 1933 926 2006 senior
945 1932 1148 2005 succinctus
1167 1931 1328 2019 amictu,

362 2044 482 2120 Multa
502 2072 615 2122 manu
634 2050 776 2124 medica
794 2043 1010 2142 Phoebique
1029 2045 1242 2141 potentibus
1259 2044 1392 2144 herbis·

363 2159 628 2262 Nequidquam
648 2164 826 2261 trepidat,
848 2157 1104 2256 nequidquam
1123 2149 1265 2258 spiculh
1279 2160 1404 2233 dextra

278 2327 288 2340 -
362 2273 566 2365 Sollicitat,
585 2293 801 2370 prensatque
819 2278 936 2347 tenaci
956 2275 1095 2372 forcipe
1115 2273 1264 2349 ferrum:
1417 2272 1420 2281 '

363 2390 477 2464 Nulla
494 2393 589 2464 viam
609 2390 756 2462 fortuna
774 2389 863 2486 regit
882 2416 890 2457 ε
922 2390 1015 2460 nihil
1033 2407 1157 2462 auctor
1171 2392 1312 2484 Apollo

366 2504 550 2580 Subvenit.
585 2524 621 2579 at
640 2528 764 2579 saevus
784 2504 923 2597 eampis
943 2507 1058 2601 magis
1078 2525 1121 2575 ac
1136 2505 1252 2603 magis
1270 2507 1396 2579 horror

322 2619 325 2627 '
362 2621 581 2710 Crebrescit,
601 2619 831 2715 propiusque
850 2617 991 2688 malum
1011 2635 1073 2689 est.
1110 2621 1188 2717 jam
1209 2624 1359 2713 pulvere
1380 2624 1532 2695 coelum

365 2734 462 2811 Stare
479 2737 605 2809 vident
625 2762 633 2805 ε
663 2733 823 2808 subeunt
842 2733 1004 2826 equites,
1028 2750 1065 2805 et
1082 2734 1219 2829 spicula
1235 2735 1356 2809 castris

365 2853 489 2926 Densa
505 2853 639 2926 cadunt
654 2850 796 2923 mediis.
838 2847 866 2921 it
882 2848 991 2921 tristis
1009 2849 1055 2921 ad
1075 2852 1213 2922 aedrera
1233 2853 1372 2925 clamor

367 2968 575 3041 Bellantum
590 2969 792 3068 juvenum,
814 2979 849 3035 et
868 2963 961 3036 duro
982 2965 1051 3038 sub
1071 2965 1187 3038 Marte
1207 2965 1412 3042 cadentum.

365 3079 439 3157 Hic
456 3084 608 3176 Venus,
629 3082 780 3181 indigno
800 3081 876 3151 nati
896 3104 1069 3155 concussa
1088 3082 1237 3176 dolore,
1301 3149 1304 3160 .

365 3199 453 3296 Ipsa
469 3224 583 3272 manu
603 3198 761 3298 genetrix
779 3194 928 3268 Dictaea
946 3199 1076 3299 carpsit
1095 3197 1141 3269 ab
1162 3199 1229 3272 Ida

364 3315 565 3388 Puberibus
583 3318 726 3388 caulem
745 3312 844 3386 foliis
863 3332 898 3386 et
918 3312 1006 3386 flore
1025 3333 1236 3388 comantem

366 3431 553 3526 Purpureo
578 3460 586 3501 ι
616 3454 695 3503 non
714 3430 776 3501 illa
794 3427 875 3503 feris
897 3430 1080 3529 incognita
1100 3434 1214 3528 capris

367 3545 558 3637 Gramina,
583 3571 701 3642 quom
721 3565 819 3646 tergo
838 3549 1000 3619 volucres
1019 3548 1160 3620 haesere
1181 3549 1335 3648 sagittae.

368 3658 453 3733 Hoc
471 3661 623 3754 Venus,
649 3663 803 3737 obscuro
824 3660 954 3734 faciem
974 3664 1190 3736 circumdata
1209 3666 1368 3758 nimbo,

368 3778 510 3853 Detulit
530 3808 538 3850 ε
567 3781 639 3853 hoc
658 3779 780 3853 fusum
802 3778 908 3853 labris
927 3779 1204 3875 splendentibus
1221 3807 1369 3856 amnem

368 3894 512 3986 Inficit,
536 3900 675 3969 occulte
692 3896 876 3970 medicans
901 3925 909 3966 z
941 3899 1145 3995 spargitque
1164 3898 1314 3973 salubris

369 4008 583 4085 Ambrosiae
602 4037 728 4101 sucos,
749 4030 785 4084 et
805 4012 1021 4084 odoriferam
1039 4038 1244 4108 panaceam.

370 4126 476 4199 Fovit
496 4154 538 4199 ea
556 4130 690 4200 volnus
708 4129 859 4223 lympha
877 4131 1074 4228 longaevus
1094 4130 1191 4230 Iapis

370 4243 569 4341 Ignorans;
591 4241 790 4338 subitoque
809 4247 931 4318 omnis
951 4247 998 4317 de
1018 4271 1169 4344 corpore
1186 4247 1279 4349 fugit

373 4357 526 4464 Quippe
545 4358 677 4431 dolor:
710 4361 832 4433 omnis
853 4363 949 4435 stetit
968 4364 1046 4436 imo
1066 4368 1212 4439 volnere
1231 4368 1382 4465 sanguis.

370 4472 526 4567 Jamque
546 4495 664 4549 secuta
684 4501 859 4567 manum,
883 4483 987 4552 nullo
1007 4503 1183 4582 cogente,
1210 4483 1335 4582 sagitta

374 4588 543 4685 Excidit,
567 4613 676 4691 atque
695 4618 812 4667 novae
831 4595 964 4670 rediere
982 4599 1021 4669 in
1040 4600 1189 4695 pristina
1206 4600 1306 4674 vires.
