3750 6217
338 793 401 868 m
599 717 1308 876 ncroosru.e,e

347 947 515 1022 Necdum
532 947 604 1019 illis
621 945 723 1020 ¹labra
739 946 909 1037 admovi,
932 947 995 1019 sed
1015 943 1160 1019 condita
1178 971 1288 1020 servo.

230 1087 233 1098 ·
347 1062 385 1136 Si
402 1063 448 1137 ad
465 1064 615 1135 vitulam
633 1082 792 1158 spectas,
820 1063 911 1135 nihil
928 1081 981 1135 est
996 1063 1100 1157 quod
1118 1063 1251 1158 pocula
1268 1061 1406 1139 laudes.

802 1213 1099 1267 MENALCAS.

347 1327 561 1422 Numquam
580 1325 691 1398 hodie
711 1325 882 1426 effugies:
911 1328 1077 1418 veniam,
1100 1352 1335 1423 quocumque
1352 1323 1496 1402 voraris.

346 1441 480 1515 Audiat
498 1444 584 1514 haec
603 1460 766 1535 tantum,
787 1445 846 1514 vel
866 1443 929 1537 qui
949 1444 1072 1534 venit,
1095 1468 1198 1535 ecce,
1219 1443 1424 1515 Palaemon.

346 1558 507 1633 Efficiam
527 1557 701 1654 posthac,
727 1582 773 1640 ne
792 1583 1017 1652 quemquam
1034 1584 1124 1631 voce
1143 1561 1298 1684 lacessQ.

805 1707 1102 1760 nnnoarns

346 1821 450 1928 Quin
470 1847 556 1922 age,
582 1825 611 1899 si
628 1819 719 1917 quid
735 1820 864 1911 habes,
888 1822 926 1893 in
945 1846 1006 1895 me
1025 1846 1127 1908 mora
1144 1844 1222 1906 non
1241 1822 1306 1894 erit
1322 1824 1417 1900 ulla:

346 1937 423 2010 Nec
449 1963 671 2040 quemquam
690 1937 789 2036 ¹fugio
809 1965 817 2006 ε
840 1955 1008 2028 numm,
1033 1937 1150 2012 vicine
1170 1936 1388 2028 Palaemon,
1409 1939 1412 1946 ’

345 2051 516 2148 Sensibus
533 2054 620 2128 haec
639 2054 723 2130 imis
741 2054 824 2150 (res
843 2073 896 2127 est
914 2076 992 2125 non
1011 2077 1118 2149 parva
1133 2054 1147 2148 )
1165 2076 1327 2149 reponas.

809 2204 1090 2258 Palaemon

347 2317 466 2391 Dicite
486 2346 495 2388 ι
515 2317 815 2412 quandoquidem
835 2319 875 2390 in
892 2319 999 2390 molli
1018 2317 1249 2391 consedimus
1267 2315 1383 2396 herba.

346 2433 394 2506 Et
412 2458 509 2505 nunc
530 2435 650 2510 omnis
674 2459 782 2531 ager,
809 2457 907 2506 nunc
929 2435 1051 2508 omnis
1070 2434 1218 2528 parturit
1236 2431 1362 2509 arbos:

346 2547 454 2619 Nunc
476 2547 648 2638 frondent
669 2549 805 2622 silvae:
827 2571 925 2624 nunc
945 2547 1227 2622 formosissimus
1247 2569 1371 2619 annus.

345 2663 497 2758 Incipe,
527 2660 738 2735 Damoeta:
767 2682 808 2736 tu
827 2663 959 2737 deinde
978 2688 1145 2757 sequere,
1175 2662 1347 2744 Menalca.

345 2775 503 2850 Alternis
522 2777 647 2854 dicetis
667 2806 676 2848 ι
701 2798 824 2856 amant
844 2781 975 2855 alterna
994 2778 1209 2850 Camoenae.

803 2928 1100 2982 nsMosTAs

345 3038 405 3114 Ab
424 3039 516 3130 Jove
535 3043 779 3139 principium,
801 3041 926 3115 Musae
950 3072 958 3112 ε
985 3042 1087 3133 Jovis
1104 3041 1229 3115 omnia
1249 3042 1383 3138 plena:

344 3157 416 3229 Ille
440 3158 527 3230 colit
549 3177 680 3231 terras:
708 3160 763 3231 illi
781 3184 862 3231 mea
882 3160 1037 3231 carmina
1057 3183 1169 3248 curae,

800 3310 1099 3376 nsunrcss

346 3417 394 3491 Et
412 3443 473 3489 me
491 3419 661 3491 Phoebus
677 3439 774 3493 amat
793 3447 801 3487 :
827 3419 977 3492 Phoebo
998 3446 1059 3492 sua
1080 3442 1221 3511 semper
1240 3417 1338 3511 apud
1358 3439 1418 3488 me

345 3531 497 3604 Munera
519 3551 625 3623 sunt,
647 3535 761 3624 lauri,
788 3551 823 3606 et
841 3557 945 3608 suave
962 3533 1093 3604 rubens
1109 3530 1330 3626 hyacinthus,

798 3679 1101 3736 nnnorsns

346 3779 450 3852 Malo
470 3804 532 3852 me
550 3779 697 3860 Galatea
713 3781 805 3876 petit
823 3781 953 3858 lasciva
972 3779 1115 3876 puellas

347 3893 396 3968 Et
413 3891 506 3993 fugit
522 3895 569 3967 ad
587 3894 732 3988 salices,
759 3915 797 3976 et
816 3921 852 3972 se
873 3896 974 3992 cupit
995 3912 1077 3975 ante
1095 3891 1217 3978 videri.

801 4044 1101 4098 Menates&

348 4135 399 4212 At
414 4138 505 4212 mihi
526 4163 601 4213 sese
621 4136 723 4222 offert
737 4140 854 4231 ultro,
879 4165 983 4213 meus
999 4140 1110 4238 ignis,
1131 4137 1326 4235 Amyntas:

349 4252 484 4327 Notior
499 4274 540 4330 ut
549 4256 627 4354 jam
641 4254 687 4327 sit
706 4255 855 4334 canibus
872 4279 949 4328 non
970 4254 1074 4328 Delia
1093 4256 1236 4329 nostris.

809 4405 1088 4460 nsnosrns

350 4499 452 4578 Parta
470 4525 572 4574 meae
590 4498 724 4574 Veneri
745 4522 829 4576 sunt
848 4527 996 4574 munera
1016 4530 1024 4571 ι
1052 4528 1211 4597 namque
1228 4506 1352 4592 notavi

350 4616 437 4732 Ipse
454 4618 601 4714 locum,
624 4618 735 4704 aeriae
753 4642 829 4716 quo
844 4641 1053 4722 congessere
1072 4618 1274 4734 palumbes,
