3750 6217
400 710 883 791 -Artunrnos
940 714 1024 790 VI.
1075 737 1109 795 v.
1157 731 1250 808 4⁵7·
1372 734 1450 812 ¹47

247 878 394 959 Funeris
410 879 481 950 heu
498 879 565 952 tibi
586 904 706 955 caussa
724 879 777 952 fui
801 881 818 953 ?
847 906 911 976 per
929 881 1043 953 sidera
1058 882 1163 977 juro,

247 996 313 1071 Per
331 1018 499 1091 superos,
527 1013 563 1067 et
581 996 611 1069 si
628 1022 700 1090 qua
717 996 806 1071 fides
824 998 950 1070 tellure
968 995 1036 1069 sub
1056 997 1129 1075 ima
1150 1012 1223 1073 ests

248 1112 410 1203 Invitus,
432 1111 596 1210 Regina,
619 1131 684 1184 tuo
702 1112 749 1188 de
769 1113 872 1186 litore
890 1112 986 1185 cessi.

247 1226 318 1303 Sed
336 1253 397 1298 me
410 1228 663 1327 jussa-deum,
682 1252 775 1322 quae
794 1252 892 1299 nunc
908 1228 973 1301 has
992 1228 1040 1298 ire
1058 1250 1124 1321 per
1140 1223 1309 1316 umbras,

248 1342 316 1416 Per
334 1345 414 1414 loca
434 1364 532 1422 senta
551 1345 620 1416 situ
639 1362 797 1442 cogunt,
817 1363 1037 1436 noctemque
1056 1339 1299 1437 profundam,
1376 1380 1380 1391 ·

248 1459 415 1556 Imperiis
432 1484 531 1559 egere
548 1461 623 1532 suis
644 1488 652 1529 r
681 1484 749 1531 nec
768 1460 905 1531 credere
925 1459 1025 1552 quivi

247 1570 356 1647 Hunc
374 1594 515 1647 tantum
535 1574 602 1647 tibi
622 1600 682 1647 me
701 1575 858 1649 discessu
878 1572 965 1645 ferre
983 1573 1163 1646 dolorem.

247 1689 337 1763 Siste
358 1692 524 1789 gradum,
549 1709 657 1786 teque
675 1690 848 1785 adspectu
865 1714 911 1761 ne
930 1688 1094 1763 subtrahe
1110 1705 1244 1760 nostro.

248 1804 371 1912 Quem
390 1805 483 1906 fugis
498 1809 515 1879 Ρ
533 1826 734 1883 extremum
754 1804 828 1878 fato
849 1804 951 1899 quod
970 1824 1007 1878 te
1024 1803 1221 1899 adloquor,
1238 1803 1341 1877 hocc’
1360 1821 1421 1880 est

305 1918 457 1995 Talibus
473 1920 611 1997 Aeneas
626 1922 813 1993 ardentem
834 1939 869 1993 et
888 1939 987 1993 torva
1004 1937 1167 1996 tuentem

248 2036 400 2110 Lenibat
416 2038 518 2117 dictis
535 2039 722 2126 animum,
745 2037 978 2131 lacrimasque
998 2035 1121 2109 ciebat.

249 2152 317 2223 Ilia
337 2155 416 2224 solo
438 2154 530 2227 fixos
550 2155 676 2226 oculos
695 2177 811 2229 aversa
830 2151 994 2225 tenebatr

248 2264 325 2340 Nee
342 2269 455 2366 magis
475 2270 620 2364 incepto
640 2269 783 2340 voltum
803 2292 968 2343 sermone
987 2284 1177 2359 movetur,

248 2379 374 2487 Quam
392 2385 420 2455 si
439 2384 525 2457 dura
545 2386 634 2459 silex
653 2402 715 2455 aut
731 2401 799 2456 stet
817 2383 993 2478 Marpesia
1013 2402 1141 2455 cautes.

248 2495 416 2570 Tandem
436 2500 618 2595 conripuit
636 2522 728 2590 sese,
750 2517 859 2592 atque
878 2498 1024 2579 inimica
1041 2495 1169 2595 refugit

248 2609 294 2684 ln
312 2595 440 2688 nemus
459 2614 693 2687 umbriferum
713 2642 722 2693 t
751 2615 913 2713 conjunx
929 2613 994 2685 ubi
1013 2612 1182 2708 pristinus
1199 2612 1254 2689 illi

248 2722 460 2823 Respondet
473 2733 589 2822 ¹curis,
611 2746 814 2825 aequatque
833 2726 1008 2824 Sychaeus
1025 2750 1197 2803 amorem

248 2840 326 2914 Nec
346 2845 467 2917 minus
486 2843 645 2935 Aeneas,
666 2842 749 2918 casu
767 2856 955 2938 percussus
973 2844 1124 2937 iniquo,

248 2955 478 3052 Prosequitur
497 2962 686 3033 lacrimans
703 2961 834 3057 longe,
854 2976 890 3031 et
908 2959 1093 3031 miseratur
1110 2973 1268 3033 euntem.

307 3072 397 3144 Inde
417 3074 542 3146 datum
560 3076 710 3147 molitur
729 3075 803 3149 iter.
835 3076 986 3173 jamque
1004 3097 1083 3145 arva
1101 3070 1274 3149 tenebant
1367 3170 1369 3175 ,

248 3186 407 3281 Ultima,
429 3215 520 3286 quae
539 3192 638 3263 bello
657 3189 741 3262 clari
760 3208 890 3263 secreta
905 3187 1141 3285 frequentant.

248 3298 318 3377 Hic
338 3305 395 3375 illi·
411 3306 561 3381 occurrit
580 3303 755 3403 Tydeus,
778 3299 836 3385 hic
856 3305 1011 3377 inclutus
1031 3303 1139 3377 armis

247 3418 558 3516 Parthenopaeus,
580 3440 617 3494 et
632 3419 773 3493 Adrasti
790 3420 959 3514 pallentis
978 3419 1110 3519 imago«

247 3528 317 3606 llic
334 3538 494 3609 multum
514 3535 588 3610 fleti
604 3538 651 3608 ad
671 3560 841 3631 superos,
863 3535 1038 3630 belloque
1056 3533 1182 3609 caduci

246 3649 473 3724 Dardanidae
493 3679 502 3721 t
532 3677 627 3746 quos
646 3654 708 3723 ille
728 3645 849 3724 omisis
866 3652 980 3751 longo
1001 3649 1128 3723 ordine
1147 3670 1293 3723 centens
1433 3674 1436 3679 ·

247 3767 457 3865 Ingemuit,
485 3766 763 3861 Glaucumque,
785 3765 1055 3860 Medontaque,
1079 3764 1450 3861 Thersilochumque,

247 3880 329 3954 Tris
345 3882 607 3973 Antenoridas,
627 3882 818 3977 Cererique
835 3905 975 3957 nuum
993 3862 1265 3975 Polyphoeten,

248 3995 499 4092 Idaeumque,
524 3998 632 4072 etiam
652 4021 797 4088 currus,
823 3998 933 4071 etiam
950 4021 1047 4071 arma
1065 4012 1258 4076 tenentem

248 4111 491 4187 Circumstant
508 4114 650 4185 animae
667 4113 789 4184 dextra
806 4114 979 4209 laevaque
998 4110 1231 4205 frequentes

247 4226 325 4299 Nec
344 4228 475 4302 vidisse
495 4230 606 4305 semel
625 4229 705 4302 satis
723 4245 777 4302 est
795 4255 804 4299 r
829 4231 931 4328 juvat
949 4252 1064 4322 usque
1082 4226 1237 4317 morari,

247 4342 295 4432 Et
312 4342 470 4430 conferre
489 4342 658 4443 gradum,
678 4362 714 4418 et
731 4343 899 4416 veniendi
917 4343 1050 4419 dbcere
1068 4365 1216 4421 caussas.

247 4456 298 4530 At
314 4457 483 4531 Danaum
499 4483 663 4556 proteres
679 4513 691 4550 ,
714 4457 1100 4558 Agamemnoniaeque
1115 4457 1330 4559 phalanges,

248 4572 298 4657 Ut
314 4575 432 4658 videre
451 4575 568 4657 virum
580 4629 596 4667 ,
609 4574 855 4677 fulgentiaque
874 4600 971 4648 arma
989 4600 1054 4670 per
1072 4571 1245 4666 umbras,

362 4866 370 4909 t
