3750 6217
339 745 446 837 ψ
572 715 1018 813 Aruernos
1078 735 1155 807 rx.
1215 743 1247 807 r.
1300 719 1362 809 at.-

364 907 559 1005 Tynrhidae
573 907 745 1006 juiteuesss
769 903 893 972 medio
915 902 990 972 dux
1011 903 1154 1000 agmine
1172 897 1340 971 Turnus}

367 1005 446 1096 Ceu
467 1041 606 1117 septem
628 1037 772 1119 surgens
792 1015 920 1089 sedatis
937 1011 1107 1088 amnibus
1127 1019 1219 1116 altus

367 1115 434 1212 i’er
451 1139 599 1211 taciturn
617 1136 780 1235 Ganges,
804 1133 864 1204 aut
883 1134 1011 1232 pingui
1032 1131 1183 1204 flumine
1205 1131 1328 1218 Nilus3

368 1254 497 1358 Quom
517 1252 634 1325 refluit
651 1251 808 1345 campis,
829 1268 864 1319 et
877 1251 954 1348 jarir
978 1275 1013 1320 se
1032 1247 1198 1332 condidit
1217 1249 1330 1324 alvea·

369 1357 439 1441 Hic
457 1362 611 1440 subitam
632 1365 732 1464 nigro
751 1367 941 1464 gloine'rari
961 1367 1108 1459 pulvere
1129 1361 1267 1433 nubem

370 1465 598 1584 prospiciunt
615 1468 766 1569 Teucri,
787 1505 827 1550 ac
847 1479 1008 1551 tenebras
1025 1481 1201 1577 insurgere
1222 1478 1368 1573 campis:

370 1581 513 1670 Primus
533 1597 579 1667 ab
597 1596 738 1668 adversa
759 1597 960 1667 toncramat
980 1596 1080 1666 rnole
1095 1585 1247 1666 Caicus:
1268 1680 1270 1684 Ι

370 1701 466 1819 Quis
484 1703 639 1812 globus,
662 1727 684 1783 ὸ
706 1713 817 1798 cives,
839 1712 988 1809 caligine
1005 1710 1160 1781 volvitur
1179 1702 1273 1779 atra!

348 1815 477 1928 „Perre
489 1825 548 1900 citi
567 1826 718 1917 fenum,
739 1826 819 1898 date
839 1829 930 1918 tela,
952 1826 1109 1924 scandite
1129 1849 1261 1895 muros.

370 1923 499 2016 iiostis
517 1944 635 2030 adest,
659 1941 722 2014 eia.
763 1937 900 2039 ingenti
920 1938 1076 2012 clainor'e
1095 1957 1160 2035 per
1179 1937 1300 2010 omnis

378 2059 555 2130 Condunt
574 2083 611 2131 se
631 2056 760 2129 Teucri
780 2077 918 2152 portas,
940 2075 974 2127 et
992 2057 1136 2127 inoenia
1155 2057 1338 2148 conplent

372 2171 543 2274 Namque
562 2173 610 2245 ita
628 2169 813 2244 discedens
832 2180 1057 2266 praeceperat
1078 2191 1253 2266 optumus
1274 2171 1381 2242 armis

373 2289 538 2360 Aeneas:
570 2289 598 2360 si
621 2313 691 2381 qua
711 2268 842 2358 interea
859 2285 1001 2357 fortuna·
1018 2286 1163 2376 fuisset,

376 2385 434 2475 Ne
455 2423 583 2476 struere
604 2402 776 2473 auderent
792 2401 925 2491 aciem,
946 2428 1019 2473 neu
1040 2402 1177 2473 credere
1196 2409 1352 2494 carrrpoz'

376 2499 496 2591 Castra
516 2501 655 2607 modu,
679 2538 713 2589 et
730 2515 827 2588 tutos
848 2535 1021 2614 sen'a'rent
1038 2527 1159 2616 aggere
1178 2517 1311 2586 intrro's.

376 2625 493 2730 Ergo,
514 2633 578 2704 etsi
596 2616 753 2704 confeire
774 2641 923 2702 manum
943 2633 1064 2727 pudor
1084 2627 1204 2725 iraque
1223 2631 1418 2722 monstrata

377 2734 566 2846 Objiciunt
584 2750 705 2842 portas
721 2754 865 2836 tamen,
891 2769 925 2818 et
943 2755 1124 2842 praecepta
1146 2729 1343 2835 iacessunt,

377 2851 586 2958 Armatique
606 2863 699 2936 cavis
715 2877 922 2958 exspectant
940 2864 1094 2934 turribus
1114 2859 1265 2932 hostem.

376 2977 545 3078 Turnus,
565 2996 605 3049 ut
623 2981 831 3050 antevolans
850 2979 991 3049 tardum
1011 2981 1239 3074 praecesserat
1257 2987 1407 3075 agmen5
1502 2975 1505 2986 '

376 3073 518 3191 Viginti
537 3096 637 3164 lectis
657 3093 821 3188 equitum
842 3096 1055 3183 comitatus,
1078 3083 1112 3165 {t
1131 3090 1210 3163 urbi

379 3201 590 3301 inprovisus
609 3203 708 3280 adest
729 3237 737 3277 :
766 3211 916 3280 inaculis
935 3235 1044 3302 quem
1064 3200 1235 3278 Thracius
1256 3206 1344 3278 albis

380 3308 500 3393 Ponat
517 3347 656 3414 equuS,
681 3325 853 3417 cristaque
872 3327 958 3422 tegit
978 3326 1075 3423 galea
1095 3351 1195 3394 altrea
1217 3324 1329 3393 rubra.

381 3437 513 3529 Ecquis
530 3437 595 3507 etit
614 3455 779 3528 mettim,
798 3443 947 3538 juvenes
969 3443 984 3510 i
1015 3441 1078 3534 qui
1101 3439 1237 3533 primus
1258 3439 1294 3507 in
1316 3438 1491 3509 hosteir‘r?

381 3551 456 3640 En,
475 3552 523 3622 ait
544 3579 551 3618 :
582 3572 617 3623 et
630 3554 792 3650 jaculum
811 3556 1029 3648 adtorqutn's
1050 3556 1181 3625 emittit
1201 3556 1237 3623 irr
1259 3581 1379 3643 atrias,

381 3665 603 3762 Principium
619 3678 781 3766 pugnae,
802 3690 837 3740 et
855 3671 986 3763 canapo
1007 3693 1079 3741 sese
1100 3671 1228 3740 arduus
1249 3669 1363 3741 inserts

380 3782 549 3854 Clamore
569 3785 753 3878 excipiunt
774 3783 886 3874 socii,
907 3783 1124 3878 iiernitnque
1144 3797 1340 3877 seqtn'nrrur

381 3897 579 3969 Horrisono
600 3927 608 3966 :
637 3886 817 3971 Teucriam
838 3883 1010 3971 mirantur
1030 3901 1150 3970 inertia
1171 3901 1276 3970 corda
1288 3930 1296 3978 ;

383 4013 468 4082 Non
488 4038 605 4105 aequo
624 4013 704 4084 date
725 4031 760 4086 s'e
779 4029 930 4109 camp0,
954 4040 1030 4085 non
1050 4016 1155 4086 obvia
1176 4015 1261 4086 serre

381 4127 489 4196 Anna
508 4119 620 4217 viros,
640 4128 700 4199 sed
722 4149 827 4201 castra
847 4130 975 4201 fovere.
1016 4129 1085 4203 huc
1105 4130 1268 4201 turbidus
1288 4145 1395 4222 atque
1412 4130 1485 4202 huc

381 4241 523 4311 Lustrat
542 4265 639 4335 equo
659 4270 801 4334 murm,
824 4246 1035 4338 aditumque
1056 4272 1119 4341 per
1139 4248 1214 4315 avia
1235 4248 1379 4338 (latuerit

381 4356 433 4426 Ac
449 4355 558 4425 veluti
577 4360 687 4451 pleno
707 4347 815 4454 iupus
833 4349 1018 4432 insidiatus
1039 4362 1145 4450 ovili,

382 4469 509 4573 Quom
529 4471 647 4545 fremit
667 4475 712 4543 ad
731 4479 870 4565 caulas,
895 4495 1021 4547 ventos
1042 4503 1228 4572 perpessus
1248 4494 1281 4547 ct
1300 4475 1444 4563 imbriS‚

381 4584 497 4657 Nocte
516 4611 620 4683 super
637 4589 756 4659 media
772 4623 779 4669 ;
802 4592 869 4663 tuti
887 4592 953 4663 sub
974 4593 1143 4665 matribus
1161 4591 1242 4691 agni
