3750 6217
422 689 868 776 hsvusruos
924 699 1006 777 vr.
1066 713 1098 774 v.
1148 711 1237 798 2593
1342 669 1466 805 ¹241'

234 865 367 959 Tuque
386 866 513 938 invade
533 869 651 958 viam,
672 868 870 965 vaginaque
888 866 985 960 eripe
1005 864 1158 935 ferrumi

235 981 342 1051 Nunc
362 967 493 1053 animis
512 997 624 1078 opus,
644 983 784 1071 Aenea,
808 1005 905 1052 nunc
923 1000 1067 1075 pectore
1086 979 1203 1049 firmo.

235 1096 396 1167 Tantum
417 1095 538 1187 effata,
564 1097 683 1170 furens
702 1116 802 1169 antro
823 1119 860 1169 se
880 1096 1016 1168 inmisit
1035 1114 1169 1190 aperto.
1223 1107 1229 1128 ¹

233 1209 303 1282 Ille
323 1211 454 1282 ducem
471 1211 568 1282 haud
586 1213 723 1285 timidis
740 1212 929 1283 vadentem
950 1211 1111 1305 passibus
1131 1221 1269 1304 a'eq'uat·

291 1325 376 1415 Dii,
395 1327 528 1419 quibus
538 1329 733 1422 imperium
745 1346 796 1399 est
806 1328 1027 1414 animarum,
1045 1325 1266 1419 umbraeque
1281 1319 1436 1420 silentes,

232 1441 280 1512 Et
301 1440 441 1530 Chaos,
460 1461 495 1514 et
515 1443 759 1540 Phlegethon,
780 1445 859 1512 loca
879 1459 986 1513 nocte
1003 1440 1153 1513 tacentia
1170 1442 1265 1524 later

233 1556 286 1627 Sit
305 1555 394 1625 mihi
414 1554 463 1628 fas
481 1557 600 1628 audita
620 1559 754 1651 loqui:
784 1559 828 1628 sit
847 1558 998 1627 numine
1016 1575 1131 1628 vestro

234 1669 393 1741 Pandere
413 1695 465 1742 res
484 1674 553 1743 alta
570 1691 657 1744 terra
677 1691 712 1743 et
731 1672 881 1770 caligine
901 1697 1041 1744 mersas.

292 1786 399 1858 Ibant
415 1786 557 1858 obscuri
576 1790 651 1858 sola
671 1787 737 1859 sub
756 1806 863 1862 nocte
881 1812 945 1882 per
962 1787 1149 1876 umbram,

233 1899 371 1994 Perque
391 1902 525 1974 domos
545 1901 637 1974 Ditis
655 1927 804 1992 vacuas,
823 1920 858 1973 et
875 1902 996 1972 inania
1015 1927 1141 2000 regna:

235 2016 352 2120 Quale
373 2042 436 2110 per
459 2017 627 2089 incertam
647 2019 772 2088 lunam
792 2016 859 2089 sub
877 2019 956 2087 luce
975 2018 1133 2114 maligna

232 2127 295 2202 Est
315 2131 380 2202 iter
398 2131 436 2200 in
455 2132 552 2204 silvis
571 2163 580 2212 ;
610 2133 673 2204 ubi
694 2133 840 2204 coelum
859 2132 1024 2203 condidit
1043 2133 1171 2204 umbra

229 2243 413 2341 Juppiter,
435 2265 470 2317 et
488 2248 592 2319 rebus
610 2272 685 2318 nox
703 2246 850 2319 abstulit
867 2265 937 2318 atra
958 2249 1129 2319 colorem.

235 2359 469 2433 Vestibulum
491 2381 573 2434 ante
592 2363 714 2457 ipsum
735 2363 933 2456 primisque
953 2364 992 2433 in
1011 2362 1174 2435 faucibus
1193 2361 1280 2434 Orci

232 2474 365 2549 Luctus
385 2495 420 2547 et
438 2477 579 2549 ultrices
598 2502 750 2572 posuere
769 2478 901 2550 cubilia
921 2477 1055 2548 Curae:

233 2589 483 2685 Pallentesque
498 2593 659 2664 habitant
678 2591 819 2682 Morbi,
839 2593 1019 2685 tristisque
1037 2591 1225 2686 Senectus,

233 2703 278 2778 Et
297 2705 435 2795 Metus,
460 2727 495 2779 et
512 2710 607 2780 male
626 2706 735 2780 suada
754 2708 903 2796 Fames,
921 2732 962 2778 ac
980 2709 1094 2800 turpis
1112 2709 1275 2808 Egestasr

232 2821 422 2893 Terribiles
438 2823 517 2893 visu
536 2821 700 2901 fonnae;
721 2822 948 2915 Letumque,
972 2821 1163 2917 Labosque
1178 2853 1186 2892 r

230 2937 330 3008 Tum
352 2937 639 3034 consanguineus
658 2936 735 3008 Leti
755 2935 895 3030 Sopor,
913 2954 950 3008 et
968 2938 1063 3006 mala
1081 2940 1213 3012 mentis

230 3045 393 3141 Gaudia,
419 3049 715 3145 mortiferumque
734 3052 880 3122 adverso
902 3052 939 3122 in
958 3051 1084 3121 limine
1105 3052 1270 3144 Bellum,

229 3166 258 3237 F
259 3161 416 3260 erreique
433 3157 681 3237 Eumenidum
700 3167 867 3256 thalami,
889 3183 925 3237 et
942 3165 1129 3238 Discordia
1148 3168 1316 3268 demens,
1423 3195 1428 3212 ··

230 3281 429 3378 Vipereum
450 3281 583 3354 crinem
602 3282 699 3354 vittis
716 3281 846 3353 innexa
862 3281 1023 3354 cruentis.

287 3399 332 3467 ln
349 3397 476 3468 medio
494 3409 620 3470 ramos'
633 3421 843 3490 annosaque
859 3395 1000 3468 brachia
1020 3397 1148 3491 pandit

229 3509 360 3584 Ulmus
383 3537 518 3606 opaca,
538 3501 664 3612 ingens
688 3542 695 3582 r
726 3537 838 3606 quam
858 3495 981 3584 sedem
999 3511 1147 3583 Somnia
1163 3516 1276 3614 volgo

229 3625 334 3699 Vana
351 3647 468 3700 tenere
488 3627 631 3719 ferunt,
655 3626 825 3721 foliisque
844 3627 911 3700 sub
931 3627 1103 3700 omnibus
1119 3626 1274 3704 haerent.

231 3741 424 3836 Multaque
441 3763 618 3835 praeterea
634 3744 807 3816 variarum
828 3763 987 3816 monstra
1004 3742 1176 3834 ferarum,

231 3858 398 3930 Centauri
418 3858 455 3927 in
472 3855 610 3934 foribus
629 3859 831 3948 stabulant,
851 3855 1059 3952 Scyllaeque
1076 3857 1267 3949 biformes,

229 3973 274 4045 Et
290 3975 602 4071 centumgeminus
622 3974 796 4063 Briareus,
818 3998 858 4046 ac
877 3974 985 4045 belua
1006 3973 1138 4044 Lernae

228 4088 459 4160 Horrendum
482 4088 651 4178 stridens,
674 4087 906 4182 flammisque
924 4108 1054 4160 armata
1076 4087 1287 4161 Chimaera:

229 4203 439 4302 Gorgones,
460 4203 736 4299 Harpyiaeque,
758 4223 794 4276 et
812 4203 928 4275 forma
948 4205 1151 4299 tricorporis
1168 4203 1328 4284 umbrae.

228 4318 396 4413 Conripit
412 4315 469 4390 hic
490 4321 607 4392 subita
624 4317 784 4414 trepidus
801 4311 995 4392 formidine
1012 4315 1146 4392 ferrum

227 4433 385 4523 Aeneas,
410 4435 637 4530 strictamque
654 4437 769 4507 aciem
785 4431 1013 4509 venientibus
1033 4433 1153 4530 offert,

227 4548 296 4641 Et,
320 4551 360 4622 ni
377 4551 484 4624 docta
501 4576 624 4627 comes
641 4554 759 4626 tenuis
779 4553 855 4628 sine
874 4576 1023 4648 corpore
1039 4552 1129 4626 vitas
1255 4603 1270 4619 ..
