3750 6217
711 760 815 831 60
1051 750 2101 837 GnonorcoN
2213 748 2342 821 11.
2460 774 2526 821 v.
2631 770 2763 843 94.

705 925 1096 996 Tentatura
1135 920 1357 1015 pedes
1403 918 1586 991 olim
1613 970 1634 1006 ,
1674 917 2140 1008 vincturaque
2181 915 2549 1013 linguam:

705 1040 1102 1134 Purpureae
1126 1091 1148 1125 ‚
1191 1035 1612 1131 preciaeque
1648 1059 1663 1100 ε
1723 1051 1794 1104 et
1835 1056 1985 1124 quo
2026 1048 2097 1100 te
2136 1031 2443 1111 carmine
2482 1027 2719 1099 dicam
2736 1076 2771 1135 ξ

701 1154 1039 1227 Rhaetica
1081 1154 1114 1223 Ξ)
1169 1175 1302 1221 nec
1334 1150 1537 1221 cellis
1575 1146 1742 1218 ideo
1785 1144 2143 1217 contende
2182 1144 2510 1217 Falernis.

704 1269 886 1341 Sunt
920 1286 991 1341 et
1023 1266 1410 1338 Ami-naeae
1443 1265 1657 1352 vites,
1701 1261 2104 1333 firmissima
2140 1260 2344 1333 vina:
2473 1258 2483 1265 ’

702 1384 1046 1455 Tmolius
1081 1381 1390 1478 adsurgit
1424 1378 1729 1473 quibus,
1776 1395 1846 1449 et
1884 1400 2005 1446 rex
2044 1376 2196 1470 ipse
2236 1376 2640 1451 Phanaeus:

702 1498 1110 1597 Argitisque
1147 1496 1422 1585 minor,
1463 1493 1578 1564 cui
1617 1515 1773 1563 non
1814 1492 2170 1563 certaverit
2204 1493 2389 1583 ulla,

702 1612 852 1686 Aut
891 1631 1171 1684 tantum
1206 1608 1423 1681 fluere
1447 1664 1468 1700 ,
1513 1626 1634 1679 aut
1670 1605 1981 1679 totidem
2021 1606 2265 1679 durare
2303 1632 2432 1702 per
2468 1620 2718 1681 annos.

703 1728 880 1800 Non
912 1753 1046 1826 ego
1087 1745 1158 1798 te
1181 1781 1202 1817 ‚
1247 1725 1386 1797 diis
1421 1742 1493 1797 et
1529 1723 1796 1795 mensis
1833 1721 2130 1817 adcepta
2166 1723 2495 1797 secundis
2521 1777 2542 1813 ‚

703 1842 1178 1931 Transierim‚
1221 1840 1549 1927 Rhodia,
1592 1857 1662 1911 et
1701 1837 2044 1927 tumidis,
2090 1838 2420 1912 Bumaste
2446 1894 2468 1927 ,
2512 1839 2823 1911 racemis.

703 1957 845 2030 Sed
883 1980 1121 2050 neque
1156 1981 1378 2050 quam
1414 1956 1684 2026 multae
1725 1954 1995 2048 species
2016 2009 2038 2043 ,
2082 1979 2215 2027 nec
2250 1955 2553 2027 nomina
2594 1979 2775 2048 quae
2810 1953 2994 2044 sint,

705 2074 832 2147 Est
870 2097 1211 2145 numerus
1252 2100 1267 2140 ε
1326 2095 1565 2165 neque
1600 2070 1798 2139 enim
1832 2094 2137 2142 numero
2176 2069 2663 2166 conprendere
2701 2067 2941 2142 refert:

706 2187 956 2293 Quem
998 2187 1126 2282 qui
1167 2186 1338 2259 scire
1370 2186 1586 2273 velit,
1632 2184 1887 2280 Libyci
1920 2187 2096 2259 velit
2130 2186 2462 2281 aequoris
2499 2185 2699 2257 idem

706 2303 996 2375 Discere
1036 2327 1258 2395 quam
1297 2302 1567 2372 multae
1605 2300 1942 2396 Zephyro
1978 2302 2348 2374 turbentur
2383 2325 2667 2375 arenae:

707 2417 891 2507 Aut,
934 2417 1063 2488 ubi
1103 2416 1401 2514 navigiis
1438 2416 1825 2487 violentior
1863 2416 2116 2489 incidit
2149 2417 2412 2509 Eurus,

708 2532 942 2605 Nosse
973 2586 994 2621 ,
1032 2550 1217 2626 quot
1253 2532 1449 2602 Ionii
1483 2531 1774 2603 veniant
1811 2530 1904 2603 ad
1941 2532 2148 2604 litora
2186 2531 2462 2606 fluctus.

823 2648 978 2720 Nec
1014 2672 1182 2719 vero
1221 2667 1437 2720 terrae
1474 2645 1648 2718 ferre
1689 2672 1945 2721 omnes
1986 2650 2231 2719 omnia
2270 2668 2596 2744 possunt.
2654 2644 2661 2655 '

707 2762 1168 2835 Fluminibus
1207 2764 1450 2835 salices
1471 2817 1492 2851 ,
1538 2764 1922 2857 crassisque
1955 2764 2345 2859 paludibus
2381 2764 2529 2843 alni

709 2879 1114 2952 Nascuntur
1161 2908 1178 2950 z
1238 2878 1504 2951 steriles
1544 2878 1811 2950 saxosis
1846 2879 2222 2952 montibus
2263 2880 2461 2971 orni:

709 2994 957 3067 Litora
993 2995 1314 3089 myrtetis
1350 2993 1732 3066 laetissima
1771 3022 1787 3062 z
1847 2994 2163 3089 denique
2200 3014 2485 3090 apertos

709 3110 1024 3184 Bacchus
1061 3128 1252 3182 amat
1290 3111 1538 3199 collis,
1581 3108 2031 3204 Aquilonem
2071 3130 2142 3182 et
2174 3109 2431 3209 frigora
2468 3112 2633 3183 taxi.

708 3223 1023 3320 Adspice
1060 3244 1131 3296 et
1170 3225 1499 3296 extremis
1537 3224 1909 3297 domitum
1944 3226 2337 3299 cultoribus
2377 3226 2629 3298 orbem
2648 3242 2683 3316 ,'

709 3340 1045 3434 ansque
1085 3338 1352 3410 domos
1393 3337 1710 3409 Arabum
1738 3394 1759 3431 ,
1802 3341 2185 3436 pictosque
2224 3340 2570 3413 Gelonos·

711 3454 1000 3527 Divisae
1038 3453 1406 3524 arboribus
1440 3455 1723 3548 patriae.
1805 3457 1960 3528 sola
1996 3457 2205 3528 India
2235 3457 2519 3556 nigrum

711 3570 872 3641 Fert
909 3568 1228 3640 ebenum
1273 3596 1288 3636 ε
1350 3569 1523 3641 solis
1563 3590 1668 3641 est
1711 3588 1904 3643 turea
1948 3572 2131 3669 virga
2170 3571 2470 3643 Sabaeis.

710 3684 918 3791 Quid
953 3683 1085 3756 tibi
1127 3684 1429 3756 odorato
1471 3682 1764 3755 referam
1806 3687 2134 3759 sudantia
2172 3688 2370 3787 ligno

713 3800 1182 3895 Balsamaque
1207 3855 1227 3890 ,
1274 3819 1344 3873 et
1374 3800 1583 3872 bacas
1618 3826 1904 3897 semper
1942 3800 2342 3877 frondentis
2380 3804 2716 3891 acanthi?
