3750 6217
382 711 830 798 AENEIDOS
885 713 997 786 x11.
1055 743 1089 789 v.
1139 739 1230 813 359.
1345 734 1426 810 '4⁰¹

217 883 297 974 En,
322 905 448 982 agros,
471 897 533 973 et,
554 906 667 976 quarn
685 881 809 974 bello,
834 880 1011 970 Troiane,
1029 881 1175 975 petisti,
1282 941 1286 950 .

217 999 433 1095 Hesperiam
448 999 574 1070 metire
588 1001 710 1097 jacens
735 1027 743 1067 ε
773 999 860 1071 haec
880 998 1059 1094 praemia,
1080 997 1145 1091 qui
1164 1020 1229 1068 me·

217 1118 323 1189 Ferro
344 1115 421 1186 ausi
435 1130 586 1205 tentare,
608 1115 726 1188 ferunt
749 1142 758 1185 r
787 1116 838 1188 sic
854 1117 1002 1188 moenia
1021 1113 1197 1187 condunt.

217 1233 315 1306 Huic
334 1233 507 1303 comitem
527 1230 690 1304 Asbuten
711 1234 872 1330 conjecta
890 1231 1039 1328 cuspide
1059 1229 1198 1301 mittitz.

218 1350 467 1441 Chloreaque,
483 1344 745 1442 Sybarimque,
762 1348 982 1441 Daretaque,
1000 1344 1348 1440 Thersilochumque
1363 1373 1377 1418 a

219 1465 266 1537 Et
286 1465 449 1537 sternacis
466 1464 550 1555 equi
571 1464 714 1537 labsum
735 1463 867 1536 cervice
885 1465 1127 1560 Thymoeten

221 1581 274 1654 Ac
291 1582 389 1650 velut
408 1578 532 1649 Edoni
551 1579 683 1652 Boreae
700 1606 819 1674 quom
836 1582 978 1676 spiritus
998 1582 1071 1651 alto

219 1699 371 1770 Insonat
388 1690 554 1792 Aegaeo,
581 1698 813 1791 sequiturque
832 1697 878 1767 ad
898 1699 1004 1768 litora
1021 1695 1153 1769 fluctus
1164 1725 1179 1776 ;‘

190 1821 195 1828 ’
221 1812 304 1917 Qua
321 1810 418 1880 venti
437 1809 655 1903 incubuere,
678 1811 802 1912 fugam
820 1813 909 1886 dant
923 1812 1050 1885 nubila
1070 1813 1195 1884 coelo:

219 1927 277 1999 Sic
294 1927 442 2016 Turno,
464 1952 695 2022 quacumque
711 1930 808 2000 viam
829 1947 944 2021 secat,
969 1930 1113 2030 agmina
1130 1927 1288 2015 cedunt,

220 2043 495 2137 conversaeque
514 2040 624 2116 ruunt
639 2045 731 2118 acies
750 2073 758 2114 r
788 2045 855 2117 fert
874 2048 1019 2142 inpetus
1039 2047 1181 2143 ipsum,

220 2160 266 2231 Et
283 2159 424 2231 cristam
444 2158 597 2232 adverso·
611 2186 714 2234 curru
733 2161 850 2256 quatit
867 2187 951 2232 aura
968 2165 1164 2233 volantem.

219 2275 309 2347 Non
326 2276 408 2346 tulit
427 2276 620 2348 instantem
638 2277 827 2374 Phegeus,
850 2275 1054 2362 animisque
1070 2275 1282 2344 frementem
1298 2305 1313 2342 ε.

220 2391 366 2488 Objecit
386 2415 460 2461 sese
480 2390 526 2458 ad
546 2413 707 2474 currum,
731 2408 768 2458 et
787 2386 992 2480 spumantia
1011 2380 1119 2452 frenis

220 2508 294 2579 Ora
312 2505 500 2576 citatorum
521 2500 642 2571 dextra
660 2498 810 2570 detorsit
828 2521 1020 2590 equorum.

219 2621 325 2693 Dum
341 2617 504 2706 trahitur,
524 2613 733 2712 pendetque
748 2613 866 2713 jugis,
890 2612 990 2686 hunc
1006 2615 1077 2686 lata
1093 2632 1267 2692 retectam
1342 2659 1356 2666 ··

219 2737 361 2808 Lancea
379 2734 632 2825 consequitur,
658 2732 870 2826 rumpitque
888 2729 998 2800 infixa
1017 2731 1165 2801 bilicem

220 2852 412 2938 Loricam,
435 2866 472 2920 et
491 2873 679 2920 summum
701 2847 864 2945 degustat
879 2847 1026 2917 volnere
1046 2870 1187 2940 corpus.

219 2968 290 3037 Ille
308 2984 432 3036 tamen
451 2964 569 3057 clipeo
590 2962 733 3060 objecto
755 2986 947 3035 conversus
966 2962 1004 3032 in
1022 2962 1166 3034 hostem

220 3082 322 3170 Ibat,
343 3098 378 3151 et
398 3079 574 3150 auxilium
593 3078 704 3150 ducto
722 3102 903 3150 mucrone
919 3078 1082 3172 petebat:

221 3197 351 3302 Quom
371 3211 445 3265 rota
464 3194 698 3290 praecipitem
719 3211 754 3267 et
773 3218 945 3289 procursu
962 3193 1124 3267 concitus
1143 3196 1220 3270 axis

221 3313 385 3406 Inpulit,
408 3309 630 3404 effunditque
652 3313 733 3384 solo
760 3339 768 3381 r
799 3310 1019 3405 Turnusque
1039 3331 1202 3404 secutus,

221 3429 342 3499 Imam
363 3429 454 3498 inter
473 3429 613 3525 galeam
629 3427 767 3500 summi
785 3427 936 3499 thoracis
956 3447 992 3500 et
1011 3453 1108 3516 oras,

221 3543 381 3617 Abstulit
398 3567 482 3615 ense
499 3559 626 3639 caput,
650 3563 891 3637 truncumque
910 3545 1057 3638 reliquit
1074 3570 1208 3617 arenae.
1253 3611 1255 3618 .

278 3659 399 3753 Atque
419 3685 459 3731 ea
480 3659 572 3730 dum
591 3661 730 3754 campis
746 3660 859 3730 victor
876 3659 938 3730 dat
958 3658 1081 3730 funera
1098 3661 1269 3748 Tumus,

222 3779 361 3847 Interea
381 3775 528 3846 Aenean
548 3775 757 3848 Mnestheus
776 3793 812 3846 et
828 3775 922 3847 hdus
940 3773 1091 3846 Achates

222 3890 471 3982 Ascaniusque
488 3917 577 3986 puer
597 3892 715 3966 castris
734 3909 881 3965 statuere
901 3909 1109 3980 cruentum,

223 4005 391 4078 Alternos
410 4007 520 4104 longa
539 4007 716 4078 nitentem
734 4006 883 4103 cuspide
901 4032 1053 4106 gressus..
1073 4057 1076 4066 -

223 4122 354 4213 Saevit,
376 4140 412 4192 et
431 4120 575 4192 infracta
596 4125 747 4195 luctatur
763 4124 936 4196 arundine
956 4125 1072 4196 telum

223 4239 394 4334 Eripere,
416 4237 627 4332 auxilioque
644 4239 765 4329 viam,
794 4266 886 4335 quae
906 4265 1107 4335 proxuma,
1129 4242 1267 4337 poscit:

223 4355 319 4426 Ense
340 4373 457 4427 secent
477 4356 550 4426 lato
569 4356 727 4446 volnus,
748 4358 884 4450 telique
904 4357 1076 4429 latebram

222 4469 440 4542 Rescindant
458 4473 625 4566 penitus,
648 4496 794 4564 seseque
812 4474 852 4542 in
871 4473 966 4543 bella
986 4475 1176 4546 remittant.

220 4585 378 4685 Jamque
396 4587 514 4662 aderat
525 4588 684 4662 Phoebo
703 4606 786 4688 ante
805 4587 897 4668 alios
914 4589 1065 4664 dilectus
1084 4589 1183 4683 Iapis

1083 4703 1113 4774 E
1129 4729 1148 4774 e
1163 4727 1183 4772 e
