3750 6217
344 731 423 804 370
530 704 1353 807 AENE1Dosx1.v.r59.

340 919 365 948 ῃ
376 877 449 948 Vel
469 876 611 978 Priamo
630 877 827 949 miseranda
848 902 978 978 manus
1002 906 1010 945 ι
1040 880 1103 950 scit
1121 879 1215 950 triste
1234 876 1418 949 Minervae

339 1033 364 1070 u
379 994 502 1082 Sidus,
530 1011 564 1066 et
582 992 761 1092 Euboicae
779 1009 915 1082 cautes,
935 996 1104 1086 ultorque
1122 992 1335 1088 Caphereus

339 1111 503 1181 „Militia
524 1136 567 1181 ex
587 1112 645 1181 illa
666 1109 846 1193 diversum
863 1091 914 1179 ad*
929 1110 1011 1181 litus
1032 1110 1165 1210 adacti,

338 1266 362 1296 ‚r
373 1225 510 1298 Atrides
529 1227 645 1297 Protei
665 1225 850 1297 Menelaus
868 1225 1028 1318 adusque
1046 1226 1234 1298 columnas

338 1342 542 1420 „Exsulat;
568 1341 744 1412 Aetnaeos
763 1340 851 1409 vidit
871 1338 1051 1435 Cyclopas
1068 1340 1199 1412 Ulixes.

339 1498 362 1529 o
375 1458 497 1562 Regna
515 1457 751 1552 Neoptolemi
768 1454 938 1552 referam,
959 1480 1149 1547 versosque
1169 1456 1309 1529 Penatis

338 1614 361 1640 η
376 1574 566 1644 Idomenei
585 1575 601 1643 Ρ
632 1572 817 1667 Libycone
834 1570 1029 1641 habitantes
1049 1572 1150 1642 litore
1169 1571 1332 1653 Locros?

337 1731 360 1774 a,
377 1690 458 1783 lpse
479 1689 695 1785 Mycenaeus
715 1712 930 1783 magnorum
951 1687 1079 1757 ductor
1095 1685 1273 1759 Achivom

337 1846 361 1878 ν
374 1805 548 1904 Conjugis
569 1804 732 1875 infandae
753 1804 868 1897 prima
888 1804 975 1872 intra
995 1803 1121 1873 limina
1138 1802 1258 1874 dextra

336 1921 561 2015 „opperire
593 1922 767 1992 devictam
787 1919 907 1989 Asiam
927 1918 1084 2008 subsedit
1108 1918 1253 1991 adulter.

336 2037 547 2108 „Invidisse
570 2038 682 2123 deos,
704 2036 821 2130 patriis
843 2050 882 2105 ut
905 2034 1063 2105 redditus
1083 2035 1170 2136 aris,

337 2152 597 2250 „Coniugium
617 2167 781 2245 optatum
800 2165 833 2219 et
852 2149 1039 2243 pulchram
1058 2149 1247 2243 Calydona
1263 2149 1458 2223 viderem?

337 2309 360 2338 o
376 2268 480 2338 Nunc
499 2270 605 2338 etiam
624 2266 781 2335 bonibili
798 2269 876 2335 visu
894 2281 1058 2358 portenta
1076 2282 1297 2358 sequuntur,

336 2424 361 2453 o
377 2383 419 2451 Et
441 2384 526 2454 socii
546 2384 664 2452 amissi
683 2383 861 2477 petienurt
884 2381 1021 2460 aethera
1043 2382 1194 2475 pennis,

335 2541 359 2569 2,
372 2498 671 2590 Fluminibusque
687 2512 855 2594 vagantur
875 2522 955 2567 aves
977 2498 1073 2587 (heu
1093 2497 1167 2566 dira
1186 2521 1355 2567 meorum

336 2655 358 2683 υ
371 2612 574 2708 Supplicia!
596 2617 608 2706 )
631 2629 665 2682 et
685 2614 856 2707 scopulos
875 2613 1072 2683 lacrimosis
1090 2612 1241 2683 vocibus
1261 2612 1410 2707 inplent.

336 2769 359 2814 o
374 2729 469 2808 Haec
489 2728 580 2799 adeo
597 2754 640 2814 ex
656 2729 719 2807 illo
738 2728 828 2796 mihi
844 2730 920 2824 jarn
940 2728 1111 2819 speranda
1129 2727 1289 2799 fuenmt·

335 2885 359 2934 η
371 2846 579 2938 Tempore,
604 2869 720 2935 quom
742 2843 831 2913 ferro
850 2843 1015 2918 coelestia
1036 2869 1186 2937 corpora
1205 2844 1357 2916 demens

334 3002 357 3031 o
371 2959 537 3072 Adpptii,
561 2977 596 3032 et
614 2959 765 3039 Veneris
785 2959 915 3030 violavi
932 2960 1077 3053 volnere
1097 2959 1265 3032 dearum

335 3116 359 3145 η
372 3076 427 3147 Ne
447 3102 555 3183 ver0,
580 3102 626 3147 ne
652 3100 711 3144 me
734 3075 779 3162 ad
803 3076 881 3145 talis
904 3074 1063 3167 inpellite
1086 3100 1236 3176 pugnas,

334 3232 358 3260 r,
371 3191 447 3261 Nec
465 3193 556 3261 mihi
576 3217 659 3262 cum
680 3191 827 3262 Teucris
849 3192 967 3260 ullum
992 3205 1076 3284 post
1094 3187 1190 3276 eruta
1211 3192 1352 3262 bellum

335 3348 357 3377 -.,
372 3305 540 3401 Pergama
555 3338 562 3384 ;
581 3332 646 3377 nec
664 3322 823 3376 veterum
841 3306 993 3375 memini
1014 3308 1166 3377 laetorve
1187 3310 1379 3377 malorum.

335 3463 358 3493 π
372 3420 545 3508 Munera,
570 3447 661 3513 quae
680 3424 797 3514 patriis
818 3412 861 3491 ad
880 3447 939 3489 me
960 3425 1105 3514 portatis
1126 3423 1170 3492 ab
1194 3424 1284 3511 oriS,

335 3536 503 3607 „Vertite
525 3537 569 3605 ad
590 3536 732 3607 Aenean
762 3566 769 3604 :
800 3537 961 3609 stetimus
981 3540 1050 3608 tela
1068 3564 1187 3632 aspera
1205 3556 1346 3626 contra,

335 3663 357 3730 4,
371 3652 676 3745 Contulimusque
697 3677 825 3723 manus
852 3681 859 3719 ι
890 3670 1033 3745 experto
1056 3655 1207 3743 credite,
1233 3671 1389 3747 quantus

335 3812 358 3841 u
371 3771 415 3839 In
439 3773 598 3871 clipeum
622 3770 805 3872 adsurgat,
827 3794 901 3860 quo
922 3751 1062 3839 turbine
1081 3787 1245 3862 torqueat
1265 3771 1416 3842 hastam.

334 3926 358 3955 r,
371 3884 406 3955 Si
430 3887 506 3956 duo
531 3904 705 3981 praeterea
727 3887 804 3956 talis
831 3886 937 3956 Idaea
962 3887 1098 3955 tulisset

334 4042 357 4072 rr
372 4001 479 4071 Terra
500 4004 615 4088 viros,
640 4005 732 4071 ultro
760 4002 919 4071 Inachias
943 4002 1094 4071 venisset
1117 4002 1161 4070 ad
1185 4000 1290 4073 urbes

334 4157 358 4186 o
370 4116 577 4204 Dardanus,
600 4134 634 4186 et
657 4118 761 4187 versis
784 4118 917 4214 lugeret
945 4115 1087 4198 Graecia
1111 4116 1198 4188 fatis

333 4273 357 4301 o
371 4230 560 4336 Quidquid
576 4221 681 4325 apud
702 4233 808 4301 <lurae
833 4249 1006 4302 cessatum
1031 4250 1082 4302 est
1105 4235 1250 4303 moenia
1273 4232 1429 4324 Troiae,

334 4347 532 4417 „Hectoris
552 4347 763 4439 Aeneaeque
784 4372 895 4417 mauu
915 4349 1059 4440 victoria
1083 4349 1230 4419 Graium

333 4506 356 4534 η
370 4463 515 4552 Haesit,
540 4482 574 4533 et
597 4466 633 4534 iu
660 4466 856 4534 decumum
876 4463 1021 4560 vestigia
1041 4467 1158 4536 retulit
1183 4489 1328 4566 annum.

333 4623 354 4651 ·,÷
370 4580 491 4650 Ambo
512 4583 660 4650 animis.
688 4579 796 4649 arrabo
819 4581 977 4676 insigues
1000 4581 1254 4672 praestantibus
1274 4580 1403 4653 annis:
