3750 6217
490 755 937 837 ECLOGAV.
996 785 1031 834 v.
1097 785 1157 857 rq.
1381 785 1430 858 ¹9

713 949 929 1002 MOPSU&

218 1040 290 1118 Sed
308 1062 349 1115 tu
367 1042 489 1116 desine
504 1047 632 1141 plura,
653 1072 744 1142 puer
763 1077 771 1115 z
800 1046 1033 1118 successimus
1052 1061 1163 1114 antro.

276 1160 504 1232 &stinctum
524 1160 719 1257 Nymphae
738 1162 873 1234 crudeli
892 1159 1016 1232 funere
1036 1157 1208 1252 Daphnin

218 1276 372 1348 Flebant
392 1302 399 1343 :
427 1298 495 1348 vos
514 1279 628 1348 coruli
646 1295 752 1350 testes
769 1296 804 1348 et
822 1275 975 1346 flumina
995 1273 1195 1370 Nymphis:

220 1392 380 1497 Quom,
405 1394 583 1486 conplexa
603 1393 659 1464 sui
679 1418 811 1488 corpus
829 1391 1029 1464 miserabile
1047 1391 1148 1478 nati,

218 1507 342 1601 Atque
362 1507 452 1577 deos
473 1523 582 1599 atque
598 1527 684 1579 astra
700 1527 807 1580 vocat
825 1507 982 1578 crudelia
999 1523 1119 1576 mater.

217 1620 309 1694 Non
334 1623 400 1691 ulli
423 1639 546 1714 pastos
565 1622 637 1693 illis
660 1648 758 1721 egere
779 1622 908 1694 diebus

217 1733 381 1834 Frigida,
412 1735 585 1831 Daphni,
616 1737 727 1810 boves
744 1739 791 1809 ad
810 1736 964 1809 flumina
990 1766 997 1804 :
1028 1736 1129 1807 nulla
1148 1761 1267 1830 neque
1285 1760 1432 1808 amnem

218 1851 363 1923 Libavit
380 1853 610 1947 quadrupes,
636 1878 702 1925 nec
722 1854 892 1952 graminis
912 1854 1038 1950 adtigit
1056 1851 1213 1922 herbam.

219 1966 388 2061 Daphni,
411 1984 519 2038 tuum
539 1967 685 2041 Poenos
703 1972 811 2040 etiam
832 1969 1051 2067 ingemuisse
1074 1968 1212 2039 leones.

220 2082 434 2172 Interitum,
461 2101 680 2178 montesque
702 2084 766 2156 leri
786 2086 969 2178 silvaeque
988 2085 1200 2176 loquuntur.

219 2196 384 2292 Daphnis
405 2217 439 2268 et
456 2196 642 2272 Armenias
661 2224 765 2272 curru
785 2200 997 2298 subjungere
1016 2200 1121 2296 tigres

219 2311 404 2403 Instituit,
426 2312 591 2408 Daphnis
615 2316 749 2388 thiasos
771 2316 939 2387 inducere
959 2314 1119 2404 Baccho,

219 2427 266 2501 Et
287 2426 387 2501 foliis
406 2430 520 2501 lentas
541 2430 696 2502 intexere
716 2414 894 2502 mollibus
912 2432 1036 2504 hastas.

217 2540 315 2617 Vitis
338 2562 379 2615 ut
403 2543 590 2618 arboribus
609 2543 728 2618 decori
751 2566 827 2636 est,
854 2565 896 2617 ut
914 2546 1049 2617 vitibus
1074 2571 1193 2636 uvae,

219 2655 268 2730 Ut
291 2660 454 2760 gregibus
472 2663 584 2752 tauri,
608 2682 742 2761 segetes
765 2681 806 2733 ut
825 2661 1023 2760 pinguibus
1044 2663 1153 2739 arvis;

220 2772 282 2844 Tu
300 2776 409 2847 decus
430 2802 540 2850 omne
559 2779 633 2849 tuis
662 2804 669 2845 :
699 2778 894 2871 postquam
912 2795 949 2847 te
969 2776 1039 2847 fata
1059 2779 1247 2863 tulerunt,

220 2886 307 2984 Ipsa
327 2888 430 2962 Pales
449 2916 570 2988 agros,
594 2912 703 2985 atque
723 2892 801 2986 ipse
820 2890 966 2983 reliquit
986 2890 1134 2982 Apollo.

223 3000 384 3073 Grandia
409 3028 516 3097 saepe
536 3002 672 3097 quibus
693 3005 947 3076 mandavimus
967 3001 1101 3073 hordea
1122 3001 1256 3091 sulcis,

224 3115 360 3186 Infelix
383 3116 540 3207 lolium,
568 3136 602 3189 et
625 3121 757 3190 steriles
781 3135 974 3190 nascuntur
993 3140 1133 3187 avenae.

225 3228 297 3301 Pro
316 3230 424 3301 molli
449 3230 569 3322 viola,
599 3257 666 3327 pro
686 3257 869 3329 purpureo
895 3233 1075 3322 narcisso,

224 3345 389 3418 Carduus
417 3364 451 3416 et
479 3346 592 3440 spinis
617 3350 728 3448 surgit
751 3350 913 3444 paliurus
940 3349 1060 3421 acutis.

222 3459 382 3560 Spargite
403 3462 562 3532 humum
586 3461 685 3535 foliis
709 3493 716 3533 :
746 3464 905 3535 inducite
924 3459 1088 3535 fontibus
1107 3459 1276 3554 umbras,

222 3576 384 3650 Pastores
405 3606 412 3646 :
438 3579 587 3650 mandat
605 3578 680 3651 heri
698 3580 765 3652 sibi
786 3579 869 3650 talia
889 3578 1063 3674 Daphnis.

224 3690 272 3762 Et
289 3694 478 3764 tumulum
498 3691 623 3784 facite,
653 3713 689 3766 et
707 3695 856 3767 tumulo
875 3692 1104 3790 superaddite
1122 3717 1287 3765 carmen:

223 3803 414 3879 Dnrrrnrs
433 3827 510 3879 aco
530 3829 573 3879 m
591 3828 744 3891 srrvrs,
762 3822 860 3881 nme
879 3830 1012 3904 usqua
1034 3828 1091 3880 nn
1110 3827 1260 3880 srnsna
1277 3825 1427 3892 noros.

224 3921 411 3995 Fonnosr
433 3942 599 3996 racorrs
627 3944 800 4015 custos,
833 3944 1067 3997 ronnosron
1095 3941 1194 3997 ress.

681 4059 974 4113 MENALcAs
1091 4092 1097 4097 -

226 4152 317 4226 Tale
336 4174 445 4227 tuum
468 4176 611 4229 carmen
631 4154 761 4248 nobis,
786 4152 906 4229 divine
924 4169 1060 4252 poeta,

227 4268 347 4374 Quale
367 4296 479 4368 sopor
495 4268 596 4345 fessis
615 4272 654 4344 in
673 4268 832 4374 gamine
852 4299 859 4342 :
886 4274 992 4368 quale
1011 4298 1076 4369 per
1099 4289 1239 4351 aestum

226 4381 354 4460 Dulcis
375 4411 493 4482 aquae
514 4389 662 4462 saliente
681 4388 778 4462 sitim
797 4390 1009 4488 restinguere
1028 4390 1116 4461 rivo.

226 4492 304 4574 Nec
323 4504 469 4577 calamis
487 4506 609 4578 solum
629 4506 864 4601 aequiparas,
894 4505 957 4579 sed
975 4530 1064 4578 voce
1083 4506 1295 4606 magistrum
1305 4534 1316 4589 ς

229 4605 422 4692 Fortunate
440 4644 552 4716 puer,
578 4640 621 4694 tu
639 4647 738 4697 nunc
757 4623 824 4695 eris
845 4624 931 4694 alter
949 4620 995 4694 ab
1015 4623 1090 4694 illo.

1118 4732 1150 4806 C
1184 4760 1205 4816 a
