3750 6217
362 681 440 795 146
535 695 1008 774 -Arnsrnos
1065 698 1147 769 vr.
1207 723 1240 769 v.
1285 723 1379 792 424.

357 868 556 962 Evaditque
576 867 667 938 celer
686 864 802 957 ripam
819 857 1062 937 inremeabilis
1081 864 1209 935 undae.

415 984 603 1055 Continuo
623 981 764 1052 auditae
783 1005 909 1070 voces,
930 983 1067 1080 vagitus
1087 999 1122 1053 et
1141 983 1289 1080 ingens,

357 1100 618 1194 Infantumque
637 1098 778 1169 animae
797 1096 922 1170 flentes
939 1098 978 1168 in
997 1099 1122 1170 limine
1144 1099 1288 1195 primo:

359 1217 466 1322 Quos
486 1215 603 1288 dulcis
618 1214 711 1285 vitae
731 1215 901 1304 exsortis,
924 1233 960 1286 et
979 1214 1024 1284 ab
1044 1215 1151 1302 ubere
1170 1234 1311 1310 raptos,

357 1334 520 1404 Abstulit
539 1350 609 1403 atra
629 1330 725 1420 dies,
750 1349 786 1403 et
804 1329 928 1402 funere
946 1334 1069 1405 mersit
1087 1334 1224 1404 acerbo.

358 1449 440 1520 Hos
453 1451 555 1547 juxta
574 1445 665 1520 falso
684 1447 845 1520 damnati
864 1449 1013 1519 crimine
1032 1450 1170 1522 mortis.

358 1565 435 1635 Nec
454 1590 538 1635 vero
559 1565 624 1635 hae
645 1564 721 1637 sine
742 1583 834 1636 sorte
854 1564 977 1654 datae,
1001 1565 1076 1636 sine
1091 1566 1235 1664 judice,
1258 1565 1368 1640 sedes.

360 1680 552 1786 Quaesitor
570 1680 696 1752 Minos
714 1706 839 1752 urnam
860 1699 1012 1752 movet:
1043 1682 1104 1752 ille
1125 1682 1295 1754 silentum

359 1797 644 1891 Conciliumque
661 1816 787 1888 vocat,
809 1798 972 1892 vitasque
992 1817 1027 1870 et
1046 1799 1194 1869 crimina
1214 1798 1327 1869 discit.

358 1912 543 1984 Proxuma
561 1913 692 1985 deinde
712 1932 837 1987 tenent
853 1916 980 1986 maesti
1000 1916 1100 2005 loca,
1122 1916 1187 2009 qui
1206 1914 1274 1987 sibi
1295 1916 1409 1987 letum
1442 1969 1445 1976 -

359 2030 529 2102 Insontes
547 2055 715 2125 peperere
733 2055 868 2120 manu,
891 2033 1084 2125 lucemque
1103 2032 1222 2126 perosi

359 2145 542 2244 Projecere
563 2147 709 2218 animas.
750 2171 862 2240 quarn
881 2147 1016 2219 vellent
1037 2147 1173 2219 aethere
1193 2148 1231 2216 in
1252 2147 1325 2218 alto

359 2261 469 2346 Nunc
489 2280 525 2334 et
545 2264 755 2360 pauperiem
775 2282 810 2334 et
826 2262 938 2335 duros
952 2262 1101 2359 perferre
1121 2263 1281 2335 labores!

359 2377 428 2449 Fas
449 2377 591 2471 obstat,
614 2381 777 2468 tristique
793 2380 898 2469 palus
918 2380 1123 2453 inamabilis
1142 2379 1242 2452 unda

360 2493 526 2591 Adligat,
547 2509 583 2562 et
601 2489 727 2561 novies
744 2488 831 2584 Styx
852 2490 1020 2562 interfusa
1041 2503 1187 2563 coercet

360 2609 439 2680 Nec
456 2609 586 2702 procul
602 2605 687 2676 hinc
705 2623 844 2700 partem
863 2605 933 2678 fusi
951 2623 1195 2679 monstrantur
1213 2609 1252 2678 in
1272 2633 1423 2682 omnem

360 2724 541 2824 Lugentes
560 2722 689 2816 campi.
729 2723 779 2793 sic
795 2723 880 2796 illos
896 2724 1050 2793 nomine
1068 2723 1203 2795 dicunt.

360 2835 455 2930 Hic,
477 2865 571 2934 quos
589 2838 700 2909 durus
720 2863 822 2908 arnor
839 2838 974 2908 cnrdeli
992 2838 1074 2908 tabe
1093 2840 1254 2933 peredit,

362 2956 491 3028 Secreti
511 2957 629 3028 celant
649 2952 775 3039 calles,
799 2966 834 3021 et
851 2968 988 3045 myrtea
1007 2955 1143 3025 circum

362 3073 458 3145 Silva
475 3074 571 3172 tegit.
612 3093 714 3141 curae
731 3091 810 3138 non
830 3067 907 3163 ipsa
927 3067 966 3136 in
985 3086 1100 3139 morte
1119 3070 1339 3164 relinquunt.

362 3187 432 3261 His
449 3188 647 3259 Phaedram
667 3184 885 3277 Procrinque
906 3184 1021 3274 locis,
1045 3206 1294 3282 maestamque
1314 3187 1534 3283 Eriphylen,

365 3303 530 3375 Crudelis
548 3302 623 3373 nati
642 3317 903 3400 monstrantem
920 3303 1088 3390 volnera,
1112 3305 1244 3393 cernit,

363 3419 635 3512 Euadnenque,
660 3435 695 3488 et
714 3415 912 3509 Pasiphaen
938 3444 946 3484 :
976 3416 1030 3487 his
1049 3417 1247 3491 Laodamia

363 3536 564 3623 Itcomes,
588 3550 641 3623 et,
658 3533 799 3631 juvenis
820 3532 1029 3626 quondam,
1053 3557 1151 3603 nunc
1171 3533 1307 3605 femina
1326 3536 1477 3628 CaeniS,

362 3651 501 3723 Rursus
519 3667 554 3721 et
572 3652 610 3719 in
628 3667 781 3720 veterem
801 3647 874 3720 fato
895 3650 1056 3719 revoluta
1077 3647 1232 3747 figuram.

363 3769 463 3839 Inter
483 3793 571 3861 quas
592 3765 787 3837 Phoenissa
806 3789 924 3836 recens
945 3791 965 3835 a
983 3767 1129 3836 volnere
1149 3765 1249 3838 Dido

363 3884 508 3955 Errabat
528 3886 617 3956 silva
635 3884 672 3952 in
692 3905 822 3978 magna
844 3908 852 3948 :
884 3905 994 3974 quarn
1013 3882 1144 3954 Troius
1162 3884 1284 3974 heros,

364 4000 414 4072 Ut
431 4003 592 4096 primum
606 4003 708 4097 juxta
728 3997 846 4086 stetit,
870 3997 1113 4097 adgnovitque
1133 4026 1197 4094 per
1212 4002 1380 4073 umbram

364 4117 591 4204 Obscuram,
616 4117 763 4209 qualem
783 4114 904 4207 primo
924 4116 988 4208 qui
1010 4140 1146 4215 surgere
1166 4143 1291 4190 mense

365 4232 439 4305 Aut
454 4233 576 4322 videt,
599 4250 660 4304 aut
678 4230 809 4301 vidisse
826 4250 931 4324 putat
951 4257 1014 4325 per
1032 4232 1153 4304 nubila
1173 4234 1333 4325 Lunam,

364 4346 522 4421 Demisit
541 4350 720 4439 lacrimas,
744 4346 915 4441 dulcique
936 4347 1073 4420 adfatus
1091 4375 1213 4420 amore
1231 4367 1304 4421 est:

424 4465 557 4535 Infelix
576 4465 699 4555 Dido,
724 4490 827 4536 verus
847 4464 939 4534 mihi
956 4465 1105 4536 nuntius
1126 4490 1209 4564 ergo

364 4579 543 4675 Venerat,
566 4584 795 4675 exstinctam,
821 4580 989 4676 ferroque
1006 4599 1162 4657 extrema
1181 4601 1362 4665 secutam
