3750 6217
494 702 1185 781 ·ECL0GAV1.v.28.
1397 732 1444 802 η

241 875 408 964 Ludere,
434 892 515 945 turn
536 872 665 972 rigidas
683 888 821 952 motare
843 871 1029 941 cacumina
1049 897 1207 964 quercus.

241 991 319 1062 Nec
339 1008 479 1063 tantum
502 988 651 1060 Phoebo
674 984 803 1085 gaudet
827 984 990 1057 Parnasia
1008 1011 1140 1080 rupes:

242 1105 320 1177 Nec
339 1124 478 1178 tantum
496 1104 681 1198 Rhodope
704 1102 875 1172 mirantur
894 1119 930 1173 et
950 1102 1103 1174 Ismarus
1126 1103 1280 1197 Orphea.

241 1219 410 1314 Namque
430 1219 604 1309 canebat,
633 1218 686 1289 uti
704 1240 879 1315 maguum
899 1241 963 1310 per
978 1218 1082 1288 inane
1105 1239 1226 1290 coacta

241 1335 386 1409 Semina
409 1355 671 1429 terrarumque,
696 1332 929 1424 animaeque,
954 1334 1131 1427 marisque
1151 1332 1318 1441 fuissent,

240 1451 288 1524 Et
307 1452 439 1545 liquidi
466 1452 574 1522 simul
592 1449 686 1548 ignis
708 1477 716 1516 ι
745 1467 785 1517 ut
803 1447 858 1518 his
877 1447 1023 1519 exordia
1045 1448 1170 1542 primis

240 1567 401 1654 Omnia,
424 1588 459 1638 et
481 1567 557 1661 ipse
576 1586 675 1638 tener
693 1561 823 1633 mundi
845 1564 1061 1636 concreverit
1084 1562 1197 1639 orbis:

241 1681 342 1752 Tum
359 1684 480 1753 durare
502 1683 646 1770 solum,
676 1700 711 1750 et
732 1677 929 1750 discludere
949 1678 1062 1750 Nerea
1078 1697 1197 1775 ponto

240 1796 433 1892 Coeperit,
456 1815 492 1867 et
511 1820 628 1868 renun
648 1793 838 1891 paullatim
858 1818 996 1867 sumere
1014 1792 1167 1866 fonuas:

234 1912 390 2005 Jamque
409 1935 549 1984 novom
564 1931 673 1984 terrae
692 1929 859 2004 stupeant
878 1912 1052 1982 lucescere
1072 1910 1206 2002 solem,

239 2028 358 2100 Altius
374 2047 482 2122 atque
503 2027 632 2101 cadant
650 2025 831 2100 submotis
849 2025 1009 2098 nubibus
1028 2026 1177 2098 imbres:

236 2143 421 2238 Incipiaut
440 2145 547 2216 silvae
568 2169 683 2237 quoru
700 2142 861 2237 primum
880 2167 1041 2240 surgere,
1069 2166 1259 2239 quomque

236 2256 327 2330 Rara
347 2285 410 2355 per
427 2261 572 2359 ignotos
594 2276 706 2332 errent
724 2257 893 2328 animalia
912 2259 1059 2330 montis.

236 2373 335 2447 Hinc
352 2376 490 2471 lapides
509 2376 658 2472 Pyrrhae
675 2377 817 2472 jactos,
843 2370 1002 2444 Saturnia
1019 2400 1147 2474 regna,

234 2489 495 2586 Caucasiasque
517 2490 619 2565 refert
641 2492 825 2579 volucres,
851 2487 1059 2584 furtumque
1084 2492 1297 2564 Promethei.

234 2604 304 2679 His
325 2606 510 2707 adjungit,
537 2608 659 2703 Hylan
680 2624 807 2677 nautae
833 2629 908 2699 quo
932 2602 1034 2677 fonte
1057 2607 1221 2683 relictum

234 2721 459 2796 Clamassent
482 2753 490 2794 ι
519 2744 560 2797 ut
579 2726 689 2811 litus,
719 2720 838 2815 Hyla,
860 2718 981 2814 Hyla,
1008 2746 1118 2793 omne
1134 2742 1288 2799 sonaret.

234 2836 282 2909 Et
300 2836 541 2930 fortunatam,
572 2840 600 2912 si
620 2860 824 2930 numquam
844 2854 1001 2906 armenta
1019 2834 1188 2928 fuissent,

235 2952 435 3044 Pasiphaen
457 2956 555 3025 nivei
577 2957 711 3025 solatur
729 2976 850 3022 amore
866 2950 1021 3047 juvenci.

235 3065 322 3154 nh,
347 3065 447 3163 virgo
466 3066 614 3157 infelix,
642 3092 734 3159 quae
750 3083 785 3137 te
805 3063 986 3136 dementia
1006 3065 1139 3160 cepit?

235 3179 423 3252 Proetides
442 3182 625 3276 inplerunt
646 3180 744 3253 falsis
762 3178 960 3278 mugitibus
978 3204 1100 3279 agros:

234 3275 284 3367 At
304 3319 381 3366 non
400 3312 472 3366 tam
493 3299 606 3391 turpis
623 3296 806 3392 pecudum
824 3314 947 3367 tamen
965 3297 1038 3366 ulla
1056 3314 1172 3367 secuta
1189 3316 1241 3370 est

234 3410 487 3501 Concubitus,
516 3413 682 3506 quamvis
706 3413 803 3483 collo
824 3409 1002 3483 timuisset
1020 3429 1193 3502 aratrum,

232 3525 279 3599 Et
295 3550 399 3620 saepe
417 3529 454 3598 iu
474 3529 544 3599 levi
562 3525 756 3622 quiresisset
774 3550 907 3598 cornua
923 3524 1050 3599 fronte.
1073 3568 1093 3583 -·
1176 3520 1186 3527 ’

233 3641 312 3730 Ah,
339 3641 438 3739 virgo
462 3641 612 3734 infelix,
639 3664 679 3716 tu
703 3643 858 3714 nuncin
877 3642 1066 3715 montibus
1085 3668 1190 3716 erras:

233 3756 330 3844 Ille,
357 3757 447 3830 latus
468 3760 614 3830 niveum
624 3761 746 3849 molli·
759 3757 870 3851 fultus
889 3757 1110 3851 hyacintho,

233 3869 322 3941 llice
340 3870 406 3942 sub
428 3874 526 3970 nigra
541 3875 709 3968 pallentis
729 3874 886 3945 ruminat
905 3871 1046 3945 herbas:

231 3984 306 4057 Aut
325 3985 486 4078 aliquam
509 3989 546 4057 in
570 4013 703 4087 magno
728 3988 887 4080 sequitur
906 4011 1017 4085 grege.
1047 3989 1201 4061 claudite
1219 3988 1432 4085 Nymphae,

232 4099 398 4172 Dictaeae
419 4101 629 4196 Nymphae,
652 4127 844 4174 nemorum
859 4104 935 4201 jam
954 4103 1107 4174 claudite
1127 4107 1252 4176 saltus:

233 4212 268 4285 Si
289 4240 361 4308 qua
380 4213 471 4288 forte
489 4215 601 4288 ferant
623 4219 735 4291 oculis
755 4242 829 4291 sese
849 4218 957 4290 obvia
979 4220 1108 4291 nostris

231 4309 438 4401 Errabunda
460 4331 565 4404 bovis
586 4334 739 4432 vestigia.
781 4331 927 4406 forsitan
948 4334 1054 4403 illum

231 4444 305 4514 Aut
325 4445 432 4516 herba
458 4466 604 4543 captum
629 4449 759 4539 viridi,
789 4468 850 4520 aut
874 4468 1031 4520 armenta
1056 4469 1243 4543 secutum,

231 4558 429 4636 Perducant
445 4564 585 4661 aliquae
602 4565 740 4641 stabula
757 4566 803 4637 ad
823 4564 998 4659 Gortynia
1016 4588 1150 4639 vaccae.
