3750 6217
345 820 365 890 8
612 786 1464 878 ucuoonrresn,⁴„

339 961 376 1032 Ο
393 977 533 1033 tantum
553 957 664 1030 libeat
682 983 827 1048 mecum
846 956 913 1028 tibi
934 955 1077 1029 sordida
1096 982 1197 1047 rura,

337 1074 459 1170 Atque
478 1075 627 1147 humilis
647 1074 804 1145 habitare
822 1098 941 1161 casas,
968 1093 1004 1143 et
1024 1072 1129 1169 ligere
1148 1096 1293 1162 cervos,

337 1189 622 1283 Haedorumque
642 1212 783 1287 gregem
802 1187 906 1260 viridi
926 1188 1131 1281 conpellere
1149 1184 1312 1276 hibisco!
1343 1211 1346 1216 ’

336 1416 413 1492 Pan
433 1420 571 1516 primus
591 1418 748 1491 calamos
766 1441 842 1491 cera
862 1423 1078 1518 conjungere
1098 1417 1211 1513 pluris

319 1535 498 1608 -Instimit
527 1559 535 1603 r
566 1534 640 1606 Pan
660 1534 880 1622 curatoris,
904 1534 1103 1626 oviumque
1123 1534 1321 1633 magistros.

336 1641 413 1722 Nec
433 1667 469 1722 te
486 1652 672 1743 poeniteat
689 1651 828 1721 calamo
850 1649 986 1720 trivisse
1004 1648 1188 1719 labellum.

334 1762 434 1837 Haec
454 1765 580 1837 eadem
600 1782 642 1836 ut
660 1761 785 1854 sciret,
808 1763 899 1858 quid
920 1784 999 1834 non
1021 1759 1172 1834 faciebat
1190 1759 1399 1859 Amyntas?

334 1878 399 1953 Est
418 1881 508 1952 mihi
529 1879 731 1977 disparibus
752 1899 890 1975 septem
912 1898 1088 1974 conpacta
1108 1871 1233 1950 cicutis

334 1993 469 2068 Fistula
480 2013 505 2084 ,¹
518 1995 713 2067 Damoetas
730 1995 831 2066 dono
855 1994 947 2065 mihi
965 2017 1075 2087 quarn
1104 1991 1204 2067 dedit
1232 1992 1347 2065 olimt

334 2107 382 2183 Et
405 2110 497 2181 dixit
516 2110 675 2181 moriens
706 2139 714 2179 ε
743 2109 800 2182 Te
819 2131 915 2182 nunc
939 2107 1047 2181 habet
1073 2110 1139 2181 ista
1166 2108 1379 2182 secundum.

334 2223 439 2299 Dixit
456 2223 651 2298 Damoetas
681 2253 689 2294 z
721 2225 852 2297 invidit
872 2226 1000 2297 stultus
1020 2221 1207 2320 Amyntas.

333 2337 515 2413 Praeterea
533 2337 632 2429 duo,
657 2365 723 2413 nec
742 2359 821 2414 ruta
837 2341 928 2412 mihi
949 2342 1041 2411 valle
1058 2342 1209 2437 reperti.

333 2456 530 2550 Capreoli,
556 2455 683 2550 sparsis
703 2457 813 2528 etiam
833 2480 931 2527 nunc
954 2454 1111 2551 pellibus
1131 2453 1215 2530 albo
1226 2474 1243 2548 ,‘

331 2562 423 2642 Bina
440 2571 499 2642 die
517 2572 648 2643 siccant
667 2572 743 2643 ovis
763 2569 871 2644 ubera
901 2597 909 2641 r
940 2595 1034 2665 quos
1054 2570 1121 2642 tibi
1148 2597 1261 2643 servo.

327 2680 413 2775 Jam
430 2686 573 2780 pridem
597 2711 616 2755 a
641 2711 702 2759 me
726 2684 811 2758 illos
830 2685 1005 2758 abducere
1024 2684 1205 2782 Thestylis
1224 2705 1325 2759 oratr

331 2798 380 2873 Et
398 2797 502 2873 faciet
522 2825 530 2871 t
551 2802 727 2895 quoniam
745 2801 891 2874 sordent
909 2802 976 2874 tibi
996 2826 1144 2874 munera
1162 2821 1292 2875 nostra.

331 2912 416 2986 Huc
437 2915 548 3006 ades,
573 2941 595 2986 o
617 2915 775 2989 formose
795 2942 884 3014 puer
904 2945 912 2986 ι
932 2915 1000 2989 tibi
1021 2918 1095 2989 lilia
1115 2919 1235 3014 plenis

329 3025 423 3101 Ecce
445 3030 563 3104 ferunt
581 3028 774 3129 Nymphae
792 3031 937 3105 calathis
957 3061 965 3103 ι
985 3030 1052 3106 tibi
1073 3033 1225 3106 candida
1244 3030 1334 3105 Nais

330 3139 501 3219 Pallentis
518 3146 634 3220 violas
655 3167 691 3220 et
711 3174 852 3223 summa
872 3174 1049 3245 papavera
1064 3174 1232 3245 carpens,

329 3256 535 3335 Narcissum
556 3281 592 3333 et
616 3262 742 3334 florem
760 3263 879 3364 jungit
897 3265 991 3335 bene
1010 3267 1142 3338 olentis
1160 3265 1290 3336 anethi⁴

329 3372 451 3464 Tum,
475 3378 566 3448 casia
584 3395 691 3469 atque
711 3380 789 3452 aliis
808 3380 972 3448 intexens
993 3379 1159 3451 suavibus
1178 3376 1321 3464 herbis,

328 3486 460 3560 Mollia
478 3491 613 3561 luteola
630 3490 748 3589 pingit
765 3492 923 3562 vaccinia
943 3491 1066 3563 caltha.

327 3601 415 3699 Ipse
436 3629 502 3703 ego
524 3629 609 3675 cana
630 3607 746 3704 legam
767 3624 886 3677 tenera
904 3607 1073 3703 lanugine
1090 3607 1208 3695 mala,

329 3717 592 3813 Castaneasque
610 3743 741 3810 nuces,
766 3745 847 3792 mea
868 3745 957 3813 quas
980 3719 1172 3816 Amaryllis
1195 3718 1347 3792 amabat.

327 3832 474 3905 Addam
494 3860 590 3906 cerea
610 3859 752 3932 pruna:
775 3837 897 3907 bonos
914 3837 981 3908 erit
998 3836 1083 3907 huic
1104 3861 1253 3931 quoque
1273 3860 1401 3931 pomo.

326 3948 375 4021 Et
390 3975 479 4040 vos,
505 3977 527 4022 0
548 3953 661 4042 lauri,
690 3976 855 4050 carpam,
883 3972 919 4026 et
939 3971 973 4026 te
991 4007 1002 4041 ,
1026 3976 1205 4051 proxuma
1223 3971 1363 4049 myrte:

327 4063 385 4137 Sic
403 4067 543 4159 positae
561 4066 737 4161 quoniam
757 4066 873 4142 suavis
892 4070 1051 4141 miscetis
1068 4068 1206 4140 odores.

325 4175 494 4253 Rusticus
512 4208 568 4273 es,
592 4181 787 4279 Corydon;
807 4208 874 4254 nec
891 4209 1040 4255 munera
1058 4203 1155 4256 curat
1172 4183 1317 4257 Alexis:

325 4293 424 4383 Nec,
452 4296 480 4367 si
500 4298 709 4371 muneribus
730 4317 866 4388 certes,
892 4302 1068 4372 concedat
1089 4301 1195 4372 Iolas.

325 4406 433 4499 Heu,
454 4413 553 4504 heu,
577 4414 667 4509 quid
687 4416 789 4487 volui
813 4416 946 4488 misero
970 4417 1061 4487 mihi
1088 4417 1104 4486 ?
1134 4413 1283 4489 floribus
1302 4410 1472 4488 Austrum

324 4524 517 4619 Perditus,
545 4548 580 4602 et
600 4530 750 4625 liquidis
771 4531 894 4604 inmisi
912 4529 1076 4605 fontibus
1093 4557 1208 4627 apros.

324 4639 449 4749 Quem
469 4641 585 4747 fugis,
612 4647 657 4719 ab
681 4645 832 4724 demens
852 4649 868 4721 Ρ
898 4647 1102 4724 habitarunt
1121 4647 1174 4720 dii
1194 4673 1345 4745 quoque
1370 4648 1501 4734 silvas,
