3750 6217
397 787 477 869 3⁹0
591 767 1039 844 AENEIDOS
1098 765 1177 838 IX.
1218 793 1268 882 ¹r.
1319 767 1414 858 358.

288 1031 293 1044 ι
372 939 504 1042 'Quae
523 935 636 1006 mittit
653 917 750 1004 dona
766 990 776 1024 ,
795 929 956 1029 bospitio
975 957 1090 1027 quom
1105 936 1269 1031 jungeret
1288 931 1438 1022 absens,

397 1053 572 1124 Caedicus
592 1077 599 1118 :
630 1051 691 1120 ille
712 1075 776 1120 suo
796 1053 955 1130 moriens
975 1050 1035 1120 dat
1052 1047 1181 1118 babere
1200 1045 1336 1141 nepoti.

396 1168 486 1239 Post
503 1183 660 1236 mortem
681 1165 780 1236 bello
798 1165 924 1237 Rutuli
946 1189 1139 1264 pugnaque
1159 1163 1278 1258 potiti.

397 1283 498 1354 Haec
518 1281 632 1374 rapit,
656 1299 762 1372 atque
784 1282 944 1352 humeris
967 1281 1216 1373 nequidquam
1239 1276 1392 1348 fortibus
1411 1295 1525 1374 aptat.

398 1399 498 1468 Tum
518 1398 656 1492 galeam
676 1395 832 1490 Messapi
852 1397 1012 1467 habilem
1032 1395 1214 1488 cristisque
1233 1394 1401 1464 decoram

400 1511 537 1584 Induit.
580 1510 756 1582 excedunt
776 1512 915 1598 castris,
935 1529 971 1581 et
987 1529 1062 1581 tuta
1083 1529 1280 1604 capessunt.

460 1627 596 1697 Interea
616 1629 799 1720 praemissi
818 1629 957 1721 equites
974 1651 1020 1696 ex
1039 1626 1126 1695 urbe
1148 1624 1297 1714 Latina,

401 1742 528 1813 Cetera
547 1740 637 1811 dum
659 1742 753 1838 legio
771 1743 908 1836 campis
927 1743 1092 1813 instructa
1110 1759 1290 1830 moratur,

328 1903 331 1908 ·
402 1857 529 1944 Ibant,
556 1873 591 1927 et
609 1856 736 1927 Turno
755 1858 847 1955 regis
865 1881 1035 1951 responsa
1053 1854 1232 1943 ferebant,

356 2023 363 2032 -
402 1969 647 2059 Tercentum,
676 1974 800 2044 scutati
827 1989 975 2060 omnes,
1000 1971 1198 2043 Volscente
1218 1972 1396 2070 magistro.

400 2083 557 2180 Jamque
579 2087 874 2181 propinquabant
895 2088 1033 2174 castris,
1059 2111 1258 2179 murosque
1282 2085 1474 2175 subibant,

403 2201 532 2306 Quom
551 2205 679 2295 procul
698 2195 766 2274 bos
786 2205 887 2273 laevo
907 2201 1080 2274 flectentis
1101 2202 1216 2272 limite
1231 2220 1398 2272 cernunt:

403 2317 450 2388 Et
468 2307 567 2414 galea
587 2316 778 2410 Euryalum
799 2318 968 2391 sublustri
988 2318 1104 2389 noctis
1125 2319 1162 2387 in
1181 2315 1307 2387 umbra

405 2431 569 2502 Prodidit
589 2432 852 2524 inmemorem,
870 2433 1046 2526 radiisque
1065 2433 1208 2504 adversa
1225 2430 1370 2504 refulsit.

405 2546 514 2617 Haud
534 2567 665 2616 temere
684 2567 736 2620 est
754 2551 883 2621 visum.-
920 2551 1122 2620 conclamat
1140 2545 1184 2616 ab
1206 2547 1348 2642 agmine
1367 2544 1580 2620 Volscens:

405 2650 520 2750 State,
541 2661 629 2740 virir
653 2687 745 2755 quae
763 2689 882 2736 caussa
901 2666 979 2736 viae
1003 2667 1020 2734 ?
1051 2664 1158 2756 quire
1178 2664 1260 2734 estis
1279 2663 1315 2732 iu
1333 2661 1469 2733 armis?

381 2760 387 2770 ⁶
407 2777 541 2880 Quove
558 2778 685 2848 tenetis
706 2778 801 2849 iter?
830 2782 920 2851 nihil
941 2781 993 2849 illi
1012 2779 1153 2850 tendere
1170 2797 1290 2848 contra
1306 2803 1315 2844 r

406 2891 477 2962 Sed
497 2894 642 2962 celerare
661 2892 782 2992 fugam
804 2896 842 2965 in
861 2895 985 2985 silvas,
1009 2913 1044 2966 et
1063 2894 1168 2964 fidere
1189 2893 1296 2964 nocti.

406 3007 594 3106 Objiciunt
614 3011 751 3099 equites
770 3036 845 3083 sese
864 3012 909 3081 ad
929 3012 1076 3082 divortia
1099 3029 1184 3080 nota

408 3123 504 3193 Hinc
523 3142 630 3214 atque
648 3123 752 3214 hinc,
773 3151 996 3220 omnemque
1011 3125 1149 3196 abitum
1171 3122 1319 3196 custode
1338 3144 1529 3196 coronant.

408 3237 502 3307 Silva
522 3235 607 3326 fuit,
631 3240 699 3308 late
719 3241 840 3313 dumis
859 3263 966 3335 atque
987 3241 1066 3313 ilice
1086 3241 1183 3336 nigra

409 3350 586 3439 Horrida,
607 3378 718 3444 quam
737 3356 842 3429 densi
859 3360 1068 3450 couplerant
1087 3356 1248 3445 nudique
1268 3375 1398 3426 sentes:

409 3467 497 3537 Rara
516 3491 578 3558 per
599 3472 758 3541 occultos
777 3469 915 3544 lucebat
934 3474 1057 3542 semita
1078 3471 1185 3542 callis.

410 3582 604 3674 Euryalum
624 3585 785 3655 tenebrae
802 3611 984 3657 ramorum
1006 3611 1227 3678 onerosaque
1245 3584 1372 3679 praeda

411 3695 631 3791 Inpediuut,
655 3697 818 3792 fallitque
835 3702 944 3771 timor
963 3702 1106 3799 regione
1125 3702 1270 3771 viantm.

410 3813 519 3885 Nisus
536 3813 609 3883 abit
632 3843 639 3882 :
664 3818 812 3913 jamque
828 3818 1022 3911 inprudens
1040 3834 1191 3887 evaserat
1205 3816 1339 3904 bostis,

410 3927 469 3997 Ad
489 3930 616 4016 luc05,
642 3931 703 4021 qui
725 3950 809 4023 post
825 3931 938 4004 Albae
959 3933 1003 4003 de
1024 3933 1172 4001 nomine
1194 3931 1278 4001 dicti

410 4041 541 4111 Albani
564 4070 571 4108 :
601 4061 680 4111 tum
699 4069 759 4114 rex
779 4047 916 4117 stabula
936 4050 1005 4118 alta
1025 4047 1171 4117 Latinus
1190 4045 1352 4117 habebat.

411 4155 460 4226 Ut
478 4157 589 4244 stetit,
614 4176 649 4228 et
667 4159 790 4230 frustra
808 4165 991 4234 absentem
1008 4163 1162 4257 respexit
1180 4163 1336 4232 amicum
1351 4189 1361 4230 ι

410 4270 581 4362 Euryalo,
604 4271 728 4343 infelix
749 4301 819 4368 qua
837 4297 871 4347 te
891 4279 1034 4374 regione
1054 4275 1210 4369 reliqui?

411 4382 538 4487 Quave
558 4411 684 4480 sequar
706 4391 722 4459 ?
750 4415 865 4462 rursus
885 4396 1097 4487 perplexum
1117 4397 1180 4464 iter
1200 4418 1309 4463 omne
1330 4394 1518 4466 revolvens

410 4499 559 4574 Fallacis
579 4504 704 4593 silvae,
727 4504 836 4576 simul
854 4527 888 4580 et
907 4511 1051 4606 vestigia
1074 4529 1161 4580 retro

409 4614 603 4688 Observata
620 4619 725 4719 legit,
746 4622 939 4717 dumisque
958 4626 1142 4700 silentibus
1160 4642 1266 4696 errat:
