3750 6217
557 740 1010 818 AENE‘IDOS
1067 742 1115 823 X,
1173 764 1208 813 v.
1258 743 1349 816 820.
1491 769 1568 842 359

349 906 398 979 At
415 933 499 979 vero
522 928 563 980 ut
580 910 724 980 voltum
744 909 835 982 vidit
854 911 1042 981 morientis
1061 930 1097 981 et
1118 931 1197 997 ora,

243 1041 248 1049 ·
347 1024 422 1095 Ora
436 1026 560 1101 modis
579 1025 812 1099 Anchisiades
830 1027 1002 1120 pallentia
1022 1025 1143 1114 miris,

348 1138 533 1237 Ingemuit
548 1142 696 1239 graviter
713 1142 908 1229 miserans,
932 1140 1167 1235 dextramque
1184 1137 1355 1211 tetendit:

345 1254 392 1325 Et
413 1275 575 1328 mentem
596 1258 725 1351 patriae
746 1256 855 1329 subiit
874 1257 1014 1352 pietatis
1035 1257 1167 1355 imago.

346 1370 451 1476 Quid
470 1373 537 1443 tibi
555 1396 675 1461 nunc,
704 1372 904 1445 miserande
925 1398 1034 1467 puer,
1056 1398 1123 1465 pro
1143 1369 1312 1444 laudibus
1331 1371 1429 1462 istis,

345 1486 450 1590 Quid
471 1488 554 1582 pius
574 1489 712 1564 Aeneas
735 1506 832 1560 tanta
850 1487 951 1558 dabit
973 1488 1098 1558 indole
1119 1486 1304 1584 dignum?

344 1601 475 1691 Arma,
504 1603 638 1696 quibus
662 1606 833 1694 laetatus,
853 1603 946 1675 habe
965 1623 1052 1675 tuar
1082 1620 1192 1698 teque
1209 1622 1402 1696 parentum

343 1715 514 1788 Manibus
538 1737 574 1789 et
591 1719 722 1809 cineri,
741 1719 769 1792 si
791 1744 862 1812 qua
885 1734 937 1791 est
958 1744 999 1790 ea
1019 1742 1126 1807 cura,
1146 1718 1302 1790 remitto.

344 1831 427 1903 Hoc
448 1820 570 1903 tamen
590 1832 718 1934 infelix
735 1836 903 1909 miseram
925 1834 1086 1913 solabere
1104 1852 1262 1905 mortem
1277 1861 1286 1912 ;

342 1946 484 2019 Aeneae
505 1950 627 2047 magni
646 1948 767 2021 dextra
786 1950 892 2021 cadis.
930 1950 1088 2044 increpat
1107 1951 1201 2035 ultro

342 2056 552 2134 Cuncta'ntis
570 2064 713 2154 socios,
741 2085 776 2136 et
793 2083 881 2136 terra
900 2063 1063 2137 sublevat
1081 2063 1228 2158 ipsum,

340 2173 519 2275 Sanguine
539 2196 744 2272 turpantem
768 2198 911 2252 comtos
932 2180 978 2250 de
1002 2205 1104 2251 more
1124 2180 1287 2273 capillos.

344 2291 483 2363 Interea
502 2294 643 2391 genitor
664 2293 827 2376 Tiberini
851 2294 896 2365 ad
919 2294 1083 2367 fluminis
1104 2294 1244 2377 undam

244 2470 246 2475 .
341 2405 503 2478 Volnera
522 2409 676 2480 siccabat
696 2411 873 2505 lymphis,
898 2434 1102 2503 corpusque
1124 2408 1265 2480 levabat

339 2520 486 2596 Arboris
506 2523 657 2597 adclinis
677 2543 815 2603 trunco.
857 2527 985 2619 procul
1004 2549 1101 2595 aerea
1120 2525 1229 2595 ramis

341 2636 534 2732 Dependet
554 2642 676 2738 galea,
697 2658 733 2712 et
751 2660 854 2737 prato
871 2640 988 2738 gravia
1008 2664 1104 2729 arma
1125 2639 1324 2741 quiescunt
1387 2662 1390 2667 ·

339 2749 443 2823 Stant
461 2756 540 2827 lecti
562 2757 696 2826 circum
711 2759 862 2855 juvenes
887 2783 895 2824 ι
925 2756 1003 2849 ipse
1025 2779 1142 2853 aeger,
1161 2754 1333 2825 anhelans

339 2867 445 2938 Colla
464 2867 588 2957 fovet,
613 2870 713 2942 susus
731 2895 933 2966 propexam
953 2870 990 2957 in
1006 2890 1150 2965 pectore
1168 2867 1341 2940 barbam:

337 2982 460 3059 Multa
475 3008 581 3078 super
601 2985 721 3057 Lauso
740 2988 888 3083 rogitat,
909 2986 1147 3077 multumque
1165 2983 1337 3072 remittit,

338 3095 415 3202 Qui
433 3117 621 3194 revocent,
642 3101 843 3192 maestique
861 3098 976 3170 ferant
995 3097 1163 3169 mandata
1186 3098 1351 3190 parentis.

336 3211 384 3284 At
402 3212 563 3284 Lausum
584 3214 674 3285 socii
694 3215 899 3294 exanimem
921 3239 1026 3308 super
1044 3238 1142 3284 arma
1162 3210 1321 3283 ferebant

334 3326 497 3413 Flentes,
514 3327 722 3427 ingentem,
743 3348 851 3423 atque
872 3329 1009 3428 ingenti
1026 3329 1173 3400 volnere
1191 3327 1341 3399 victum.

335 3442 522 3541 Adgnovit
540 3444 648 3543 longe
667 3445 847 3542 gemitum
866 3468 1032 3542 praesaga
1050 3444 1139 3514 mali
1156 3466 1270 3515 mens.

335 3555 517 3628 Canitiem
536 3561 656 3631 multo
677 3558 857 3631 deformat
876 3563 1046 3653 pulvere,
1069 3576 1105 3631 et
1123 3557 1250 3630 ambas

224 3729 229 3737 .
332 3671 392 3745 Ad
408 3675 554 3744 coelum
572 3676 690 3746 tendit
709 3676 870 3770 palmas,
890 3692 926 3747 et
942 3698 1094 3771 corpore
1111 3673 1278 3744 inhaeret.

333 3786 498 3860 Tantane
519 3814 580 3860 me
596 3792 714 3862 tenuit
730 3790 894 3879 vivendi,
913 3809 1020 3878 nate,
1041 3790 1231 3882 voluptas,

331 3900 383 3973 Ut
403 3928 470 3994 pro
491 3928 550 3974 me
570 3904 693 3978 hostili
712 3925 848 3999 paterer
869 3904 1056 3977 succedere
1077 3903 1241 3991 dextrae,

333 4015 457 4120 Quem
478 4019 585 4115 genui
609 4021 625 4089 Ρ
655 4038 764 4092 tuane
781 4021 868 4092 haec
886 4019 1025 4117 genitor
1044 4043 1107 4112 per
1125 4020 1271 4089 volnera
1293 4041 1431 4108 servor,

331 4129 452 4201 Morte
473 4151 535 4203 tua
552 4132 674 4205 vivens
696 4135 713 4204 ?
743 4134 835 4224 heu,
858 4158 959 4205 nunc
977 4133 1112 4205 misero
1129 4133 1221 4205 milri
1242 4132 1394 4204 demum

331 4244 513 4316 Exsilium
533 4245 659 4318 infelix
683 4251 691 4319 l
721 4271 818 4320 nunc
835 4251 904 4320 alte
920 4251 1055 4335 volnus
1074 4247 1265 4320 adactum!

331 4360 439 4430 Idem
460 4386 527 4460 ego
539 4414 556 4450 ,
568 4381 671 4452 nate,
698 4381 805 4438 tuum
827 4365 1005 4437 maculavi
1024 4363 1175 4435 crimine
1193 4389 1342 4436 nomen.

331 4474 460 4548 Pulsus
481 4475 530 4546 ob
549 4478 727 4549 invidiam
748 4479 840 4550 solio
863 4481 1084 4574 sceptrisque
1104 4480 1288 4573 paternis,

299 4588 303 4596 ’
334 4589 540 4663 Debueram
557 4595 689 4689 patriae
709 4617 847 4689 poenas
869 4594 1037 4691 odiisque
1056 4619 1235 4666 meorum.
