3750 6217
454 732 1275 855 AENEIDOSl'1.v.s53.
1398 786 1476 863 ‘259

325 908 381 983 Sic
400 934 499 1008 pater
518 919 707 1008 AnchiseS,
731 938 839 1013 atque
860 921 947 990 haec
966 920 1177 994 mirantibus
1198 924 1321 996 addit:

267 1023 446 1121 Adspice,
469 1052 510 1101 ut
528 1034 675 1133 insignis
697 1036 824 1129 spoliis
844 1030 1032 1109 Marcellus
1052 1033 1188 1133 opimis

226 1234 228 1239 Ι
263 1136 482 1237 Ingreditur,
505 1152 689 1246 victorque
708 1152 803 1223 viros
824 1154 1067 1245 supereminet
1091 1154 1220 1226 omnis.

264 1252 335 1326 Hic
351 1284 427 1330 rem
448 1260 676 1356 Romanam,
699 1292 832 1364 magno
852 1267 1014 1339 turbante
1033 1271 1215 1359 tumultu,

264 1374 394 1479 Sistet,
416 1402 526 1470 eques
549 1402 678 1454 sternet
696 1376 864 1469 Poenos,
888 1382 1113 1479 Gallumque
1131 1385 1326 1478 rebellem,

263 1484 457 1584 Tertiaque
478 1520 574 1566 arma
592 1499 681 1592 pat'ri
703 1498 897 1593 suspendet
919 1510 1020 1592 capta
1038 1500 1203 1606 Quirino.

263 1596 384 1699 lltque
405 1603 461 1681 hic
484 1611 644 1693 Aeneas;
669 1635 739 1683 una
757 1633 914 1706 namque
932 1615 981 1684 ire
1000 1616 1145 1687 videbat

262 1722 453 1825 Egregium
475 1726 590 1796 forma
603 1731 775 1827 juvenem
794 1746 828 1798 et
850 1729 1070 1827 fulgentibus
1088 1734 1218 1821 armis,

263 1843 333 1918 Sed
354 1844 452 1919 frons
471 1849 560 1916 laeta
582 1869 731 1941 parum,
757 1862 792 1915 et
812 1844 950 1942 dejecto
974 1848 1113 1917 lumina
1132 1850 1256 1918 voltu:

261 1952 374 2067 Quis,
396 1976 517 2057 pater,
538 1944 620 2049 ille,
639 1961 756 2030 virum
777 1961 841 2053 qui
861 1962 909 2030 sic
928 1962 1123 2063 ¹comitatur
1142 1966 1317 2034 euntem?

260 2076 397 2167 Filius,
421 2102 513 2148 anne
533 2075 664 2170 aliquis
685 2100 814 2171 magna
833 2074 878 2145 de
898 2079 1007 2171 stirpe
1027 2082 1238 2172 nepotum?

261 2191 337 2299 Qui
360 2194 526 2286 strepitus
546 2174 635 2262 circa
656 2191 833 2297 comitum
855 2193 861 2259 !
885 2196 1062 2285 quantum
1083 2194 1191 2265 instar
1210 2194 1248 2265 in
1269 2186 1348 2290 ipso
1368 2202 1438 2270 est!

258 2306 328 2380 Sed
345 2332 421 2379 nox
438 2327 510 2379 atra
529 2314 635 2402 caput
655 2306 742 2378 tristi
763 2300 994 2379 circumvolat
1014 2306 1150 2380 umbra.

255 2422 356 2495 Tum
376 2443 475 2519 pater
493 2408 687 2511 Anchises,
715 2422 868 2494 lacrimis
888 2427 1062 2522 ingressus
1085 2417 1248 2498 obortis:

253 2538 290 2609 Ο
314 2557 438 2639 gnate,
464 2538 645 2636 ingentem
664 2540 802 2610 luctum
821 2562 866 2608 ne
886 2562 1012 2633 quaere
1030 2556 1197 2611 tuorum:

255 2654 458 2729 Ostendent
479 2654 576 2727 terris
593 2641 689 2724 hunc
709 2668 850 2724 tantum
871 2652 963 2744 fara,
986 2679 1103 2749 neque
1123 2659 1214 2728 ultra

256 2769 339 2844 Esse
359 2771 485 2843 sinent.
524 2768 683 2840 nimium
700 2766 806 2839 vobis
825 2768 991 2840 Romana
1010 2779 1174 2866 propago

253 2884 340 2959 Visa
358 2904 506 2980 potens,
525 2883 674 2979 Superi,
696 2887 841 2978 propria
860 2886 946 2956 haec
967 2886 995 2956 si
1017 2880 1111 2957 dona
1130 2871 1287 2961 tuissent.

254 2999 423 3107 Quantos
444 3002 504 3072 ille
522 2988 640 3071 viriam
660 3010 829 3098 magnam
849 3000 1020 3101 Mavortis
1041 2982 1085 3072 ad
1106 2984 1230 3074 urbem

254 3116 417 3211 Campus
436 3126 515 3215 aget
533 3116 711 3214 gemitus!
741 3108 798 3185 vel
819 3141 932 3211 qnae,
955 3114 1146 3207 Tiberine,
1166 3106 1305 3193 videbis

251 3220 409 3321 Funera,
433 3244 550 3327 quom
565 3234 748 3304 tumulum
769 3220 1022 3327 praeterlabere
1041 3236 1241 3306 recentem!

251 3336 328 3419 Nec
348 3373 436 3441 puer
456 3348 564 3419 Iliaca
585 3334 778 3442 quisquam
799 3333 845 3419 de
864 3368 968 3446 gente
990 3346 1137 3420 Latinos

251 3450 296 3532 ln
316 3476 456 3536 tantum'
476 3489 540 3558 spe
558 3466 662 3536 tollet
682 3489 767 3536 avos
787 3493 795 3533 ε
825 3489 890 3535 nec
908 3463 1066 3534 Romula
1087 3452 1275 3559 quondam

249 3562 335 3649 Ullo
357 3606 393 3651 se
413 3599 553 3653 tanturn
574 3582 680 3653 tellus
695 3568 841 3678 jactabit
860 3582 1021 3651 alumno.

245 3692 328 3767 Heu
347 3699 480 3790 pietas,
501 3698 572 3768 heu
591 3697 705 3793 prisca
723 3696 834 3786 fides,
857 3697 1066 3790 invictaque
1084 3684 1183 3766 bello

247 3807 423 3882 Dextera!
454 3836 530 3881 non
551 3812 604 3882 illi
627 3834 662 3882 se
684 3812 876 3905 quisquam
894 3811 1031 3905 inpune
1056 3812 1192 3881 tulisset

250 3924 392 3998 Obvius
413 3936 574 4016 armate,
598 3952 660 3998 seu
678 3944 793 4021 quor'n
812 3928 921 4023 pedes
941 3926 1003 3998 iret
1022 3910 1057 3995 in
1075 3926 1241 4015 hostem,

246 4039 316 4112 Seu
337 4042 538 4135 spumantis
559 4042 643 4135 equi
665 4039 801 4113 foderet
819 4042 1009 4114 calcaribus
1032 4066 1159 4112 armos.

246 4154 347 4245 Heu,
368 4150 569 4228 miserande
589 4181 679 4252 puer
705 4158 712 4226 !
745 4158 773 4229 si
793 4184 864 4251 qua
881 4156 950 4229 fata
969 4182 1092 4252 aspera
1111 4158 1280 4261 rumpas,

245 4270 305 4343 Tu
327 4268 514 4345 Marcellus
535 4275 609 4345 eris.
649 4272 819 4344 manibus
840 4268 920 4344 date
940 4274 1012 4343 lilia
1034 4272 1172 4368 plenis:

248 4382 450 4481 Purpureos
471 4412 633 4488 spargam
654 4386 778 4477 llores,
800 4390 1032 4482 animamque
1053 4389 1195 4481 nepotis

249 4499 316 4573 His
338 4504 462 4574 saltem
481 4504 712 4576 adcumulem
731 4504 863 4593 donis,
888 4522 922 4575 et
940 4503 1063 4602 fungar
1082 4504 1179 4575 inani

245 4612 404 4689 Munere.
455 4620 504 4692 sic
523 4639 599 4693 tota
617 4621 749 4715 passim
771 4622 914 4719 regione
934 4636 1102 4718 vagantur

1070 4729 1138 4803 nr
1169 4760 1188 4809 a
