3750 6217
414 712 867 797 Aruernos
924 722 1070 798 vrrr.
1129 748 1162 801 v.
1223 681 1351 823 ψ..
1403 745 1481 819 295

274 888 470 963 Pertulerit.
505 907 545 962 tu
565 889 781 988 nubigenas,
805 890 957 980 invicte,
977 890 1190 965 bimembris

273 1006 549 1101 Hylaeumque,
572 1005 805 1097 Pholumque
825 1029 957 1094 manu,
980 1024 1020 1077 tu
1041 1007 1159 1079 Cresia
1177 1025 1312 1080 mactas

239 1136 244 1145 “
273 1121 464 1222 Prodigia,
486 1139 521 1192 et
540 1139 680 1193 vastum
700 1120 840 1191 Nemea
860 1121 928 1191 sub
949 1146 1037 1215 rupe
1057 1123 1213 1195 leonem.

273 1237 330 1312 Te
348 1236 459 1335 Stygii
477 1256 649 1308 tremuere
670 1238 791 1326 lacus,
818 1255 853 1307 te
868 1237 1003 1333 janitor
1019 1237 1104 1309 Orci

276 1354 369 1425 Ossa
387 1378 492 1448 super
511 1353 681 1424 recubans
700 1370 799 1422 antro
818 1375 954 1422 semesa
973 1372 1143 1426 cruento:

274 1468 405 1541 Necte
425 1470 519 1540 ullae
539 1467 664 1556 facies,
686 1491 764 1538 non
784 1468 906 1540 terruit
926 1468 1003 1561 ipse
1022 1468 1223 1563 Typhoeus

273 1584 435 1673 Arduus,
458 1609 555 1657 arma
574 1602 725 1655 tenens:
755 1605 832 1655 non
852 1600 887 1652 te
906 1582 1053 1657 rationis
1072 1603 1237 1684 egentem

276 1701 453 1771 Lernaeus
472 1699 575 1770 turba
594 1699 754 1795 capitum
775 1697 1007 1770 circumstetit
1025 1702 1159 1797 anguis.

238 1864 240 1868 -
274 1813 398 1904 Salve,
416 1840 496 1885 vera
509 1813 611 1902 Jovis
625 1815 765 1908 proles,
787 1812 896 1884 decus
915 1813 1036 1886 addite
1056 1816 1170 1887 divisa

276 1931 322 2002 Et
341 1955 431 2020 nos,
455 1949 491 2002 et
509 1949 570 2001 tua
591 1931 713 2000 dexter
732 1927 790 1998 adi
808 1928 902 2020 pede
924 1953 1016 2000 sacra
1037 1931 1208 2004 secundo.

275 2045 378 2115 Talia
399 2047 616 2117 carminibus
634 2044 837 2116 celebrantr
868 2047 1117 2137 superomnia
1138 2046 1223 2118 Caci

272 2159 495 2255 Speluncam
515 2161 713 2260 adjiciunt,
736 2160 1005 2253 spirantemque
1024 2161 1169 2259 ignibus
1188 2163 1320 2257 ipsum.

276 2276 465 2349 Consonat
485 2302 595 2348 omne
613 2300 743 2348 nemus
763 2275 929 2368 strepitu,
951 2278 1134 2371 collesque
1156 2280 1336 2352 resultant

334 2392 428 2463 Exin
450 2418 486 2465 se
507 2393 625 2464 cuncti
646 2391 777 2460 divinis
794 2390 898 2460 rebus
917 2389 964 2460 ad
983 2391 1109 2462 urbem

279 2506 448 2580 Perfectis
467 2506 632 2579 referunt.
669 2505 743 2576 ibat
762 2528 824 2574 rex
843 2503 982 2577 obsitus
1001 2531 1109 2596 aevo,

276 2623 322 2695 Et
342 2624 514 2695 comitem
538 2621 685 2693 Aenean
700 2623 804 2719 juxta
824 2638 1023 2714 natumque
1040 2623 1184 2697 tenebat

276 2737 504 2836 Ingrediens,
523 2739 695 2831 varioque
713 2737 810 2808 viam
831 2760 997 2808 sermone
1017 2738 1163 2811 levabat.

275 2851 447 2943 Miratur,
467 2852 651 2946 facilisque
670 2853 797 2922 oculos
814 2849 879 2921 lert
897 2852 1020 2923 omnia
1038 2853 1173 2932 circum

275 2967 435 3057 Aeneas,
457 2969 667 3062 capiturque
686 2966 798 3044 locis;
821 2983 855 3035 et
872 2967 1010 3065 singula
1028 2969 1140 3040 laetus

277 3083 536 3177 Exquiritque,
561 3081 732 3174 auditque
748 3080 867 3155 virum
884 3100 1125 3161 monumenta
1145 3085 1318 3179 priorum.

276 3197 378 3269 Tum
395 3223 456 3269 rex
475 3192 661 3270 Euandrus
680 3196 866 3267 Romanae
884 3197 1052 3273 conditor
1070 3200 1175 3271 arcis:

205 3328 209 3335 '
276 3313 374 3384 Haec
392 3338 539 3384 nemora
555 3313 743 3411 indigenae
762 3311 790 3383 F
791 3313 876 3392 anni
893 3312 1159 3409 Nymphaeque
1174 3315 1365 3409 tenebant,

276 3428 448 3521 Gensque
468 3429 586 3499 virlrrn
603 3429 736 3500 truncis
756 3445 792 3511 et
809 3428 899 3501 duro
917 3429 1048 3515 robore
1066 3449 1169 3502 natar

276 3543 370 3651 Quis
387 3570 508 3639 neque
525 3569 631 3633 mos,
652 3566 772 3647 neque
791 3545 907 3616 cultus
924 3564 997 3618 erat
1015 3573 1023 3616 :
1053 3570 1120 3618 nec
1134 3549 1283 3646 jungere
1300 3566 1439 3641 tauros,

273 3659 349 3734 Aut
368 3684 575 3755 conponere
596 3682 686 3755 opes
705 3678 852 3748 norant,
874 3678 935 3732 aut
953 3685 1094 3756 parcere
1112 3680 1215 3757 parto
1234 3691 1243 3737 z

272 3773 345 3847 Sed
362 3778 474 3863 rami,
496 3794 604 3869 atque
622 3799 722 3869 asper
740 3774 837 3854 victu
855 3795 1006 3867 venatus
1022 3776 1148 3853 alebat.

277 3890 420 3961 Primus
436 3889 482 3960 ab
501 3890 654 3962 aetherio
673 3891 770 3961 venit
787 3889 957 3964 Saturnus
976 3891 1166 3988 Olympo,

274 4005 385 4078 Arma
400 3999 502 4092 Jovis
521 4003 687 4101 fugiens,
713 4023 748 4076 et
765 4007 880 4104 regnis
899 4007 1001 4087 exsul
1021 4007 1181 4081 ademtis.

276 4120 314 4193 Is
334 4144 445 4218 genus
465 4118 644 4209 indocile,
666 4144 706 4190 ac
725 4120 927 4214 dispersum
947 4122 1134 4194 montibus
1151 4125 1232 4197 altis

277 4236 508 4329 Conposuit,
532 4237 700 4332 legesque
717 4233 842 4327 (hecht,
870 4236 1088 4332 Latiumque
1106 4241 1225 4313 vocari
1307 4294 1311 4301 -

275 4350 428 4441 Maluit,
449 4352 506 4424 his
523 4351 700 4444 quoniam
721 4353 880 4426 latuisset
895 4372 995 4426 tutus
1012 4353 1051 4424 in
1072 4354 1153 4433 oris.

277 4465 393 4540 Aurea
412 4486 504 4564 quae
524 4464 736 4562 perhibent,
759 4468 825 4540 illo
846 4468 912 4541 sub
930 4493 1009 4569 rege
1029 4467 1172 4543 luerunt

276 4580 422 4654 Saecula
443 4611 451 4652 :
480 4584 530 4657 sic
548 4583 689 4679 placida
707 4586 871 4682 populos
888 4584 927 4658 in
946 4609 1034 4682 pace
1052 4587 1203 4686 regebat.
