3750 6217
348 823 424 896 :tt
541 817 986 894 AENEIDOS
1044 821 1352 910 1v.v.127.

341 986 443 1058 Hicc'
465 985 694 1080 Hymenaeus
714 987 787 1062 erit.
829 1011 906 1057 non
926 987 1104 1059 adversata
1125 986 1262 1082 petenti

340 1101 501 1190 Adnuit,
524 1120 632 1194 atque
649 1101 745 1174 dolis
764 1103 837 1174 risit
857 1101 1029 1198 Cytherea
1047 1103 1202 1198 repertis.

399 1219 587 1289 Oceanum
606 1218 736 1289 interea
756 1243 899 1314 surgens
917 1218 1051 1290 Aurora
1070 1218 1250 1312 relinquit.

340 1333 377 1405 lt
394 1335 508 1428 portis
520 1331 644 1430 jubare
665 1353 790 1405 exorto
808 1334 942 1404 delecta
958 1336 1136 1431 juventus.

339 1447 444 1520 Retia
464 1473 556 1535 rara,
577 1450 725 1546 plagae,
749 1451 822 1519 lato
839 1449 1016 1520 venabula
1036 1449 1146 1540 ferro,

340 1563 562 1658 Massylique
581 1582 689 1633 munt
706 1565 867 1657 equites,
886 1583 921 1635 et
942 1565 1053 1636 odora
1073 1585 1205 1636 canum
1225 1565 1287 1639 vis.

341 1677 518 1777 Reginam
538 1679 696 1752 thalamo
718 1696 946 1750 cunctantem
968 1680 1014 1749 ad
1034 1682 1159 1752 limina
1179 1683 1288 1775 primi

341 1795 550 1866 Poenorum
570 1813 775 1888 exspectant
794 1822 800 1861 :
832 1814 1000 1888 ostroque
1019 1797 1166 1892 insignis
1185 1815 1220 1866 et
1238 1821 1323 1868 auro

341 1909 416 1984 Stat
436 1910 604 2004 sonipes,
628 1934 667 1980 ac
686 1909 782 1980 frena
803 1906 902 1980 ferox
921 1911 1125 2004 spumantia
1143 1910 1294 1982 mandit.

341 2025 508 2098 Tandem
527 2025 767 2123 progreditur,
787 2049 915 2122 magna
935 2026 1089 2118 stipante
1109 2044 1265 2113 caterva,

341 2140 530 2214 Sidoniam
548 2141 646 2234 picto
668 2139 895 2233 chlamydem
914 2141 1128 2212 circumdata
1146 2139 1287 2212 limbo:

342 2257 414 2327 Cui
435 2256 594 2351 pharetra
613 2279 657 2324 ex
674 2281 781 2343 auro,
805 2255 917 2326 crines
936 2255 1115 2326 nodantur
1135 2256 1173 2326 in
1193 2281 1343 2346 aurum,

342 2373 457 2446 Aurea
477 2395 694 2467 purpuream
715 2369 892 2441 subnectit
909 2370 1020 2441 fibula
1038 2391 1184 2444 vestem.

342 2489 420 2560 Nec
439 2511 515 2557 non
534 2502 568 2555 et
586 2485 726 2584 Phrygii
744 2489 920 2575 comites,
941 2504 976 2557 et
993 2489 1105 2558 laetus
1124 2486 1244 2577 Iulus,

345 2603 536 2676 Incedunt.
570 2601 647 2694 ipse
666 2619 746 2672 ante
766 2601 856 2673 alios
874 2601 1131 2696 pulcherrimus
1154 2602 1275 2677 omnis

344 2716 456 2789 Infert
476 2741 511 2786 se
532 2717 671 2787 socium
691 2715 849 2806 Aeneas,
872 2736 979 2810 atque
998 2719 1138 2817 agmina
1152 2718 1282 2816 jungit.

344 2831 494 2940 Qualis,
517 2832 581 2902 ubi
601 2832 787 2903 hibernam
806 2831 952 2926 Lyciam
972 2832 1180 2926 Xanthique
1200 2832 1334 2906 fluenta

344 2948 504 3038 Deserit,
522 2973 561 3019 ac
582 2947 716 3020 Delum
734 2966 931 3018 maternam
952 2948 1073 3020 invisit
1091 2947 1250 3042 Apollo,

343 3065 589 3157 Instauratque
609 3065 760 3144 choros;
781 3064 956 3157 mistique
976 3064 1095 3135 altaria
1111 3064 1246 3136 circum

344 3181 538 3273 Cretesque
558 3179 797 3274 Dryopesque
815 3177 991 3268 fremunt,
1016 3180 1177 3274 pictique
1195 3179 1402 3278 Agathyrsi:

343 3296 429 3390 lpse
444 3298 538 3392 jugis
559 3294 691 3388 Cynthi
713 3295 886 3392 graditur,
907 3295 1086 3389 mollique
1107 3294 1279 3367 fluentem

343 3409 486 3479 Fronde
507 3411 636 3504 premit
655 3410 790 3480 crinem
810 3410 966 3508 fingens,
986 3429 1094 3504 atque
1115 3411 1262 3505 inplicat
1281 3435 1387 3482 auro:

344 3523 435 3598 Tela
456 3544 584 3596 sonant
601 3526 768 3597 humeris.
808 3526 904 3595 haud
924 3528 988 3596 illo
1008 3527 1148 3623 segnior
1167 3523 1240 3596 ibat

344 3640 482 3713 Aeneas
504 3669 511 3708 :
541 3659 681 3712 tantum
699 3643 838 3740 egregio
858 3642 966 3713 decus
986 3642 1095 3712 enitet
1112 3665 1181 3710 ore.

342 3756 547 3849 Postquam
569 3758 659 3828 altos
677 3775 827 3828 ventum
846 3758 884 3828 in
901 3776 1064 3844 montes,
1085 3775 1192 3850 atque
1214 3755 1310 3827 invia
1328 3758 1457 3837 lustra3

345 3871 436 3943 Ecce
455 3871 546 3944 ferae
570 3875 641 3945 saxi
661 3873 815 3972 dejectae
834 3876 960 3946 vertice
983 3898 1107 3967 caprae

343 3985 531 4060 Decurrere
547 3990 642 4087 jugis
661 4019 668 4059 :
698 3990 765 4059 alia
784 3990 829 4061 de
847 4010 945 4086 parte
963 4008 1124 4085 patentes
1185 4007 1190 4018 “

344 4103 606 4175 Transmittunt
623 4127 725 4178 cursu
742 4131 918 4201 campos,
941 4127 1048 4200 atque
1067 4107 1209 4205 agmina
1227 4109 1318 4178 cervi

344 4218 592 4289 Pulverulenta
612 4216 693 4318 fuga
708 4224 929 4320 glomerant,
954 4243 1169 4315 montesque
1186 4223 1401 4317 relinquunt.

344 4331 392 4408 At
409 4359 498 4428 puer
517 4333 687 4408 Ascanius
706 4338 834 4412 mediis
853 4340 890 4408 in
910 4338 1063 4414 vallibus
1082 4338 1150 4408 acri

344 4447 486 4520 Gaudet
506 4475 600 4544 equo
625 4481 632 4522 ε
658 4455 807 4550 jamque
827 4455 894 4525 hos
912 4478 1037 4542 cursu,
1055 4456 1132 4550 jam
1150 4452 1311 4546 praeterit
1331 4455 1413 4526 illos
1424 4510 1437 4544 ,

342 4562 652 4660 Spumantemque
673 4570 746 4638 dari
766 4594 894 4661 pecora
917 4568 1006 4639 inter
1026 4567 1148 4638 inertia
1167 4567 1261 4639 votis

344 4679 458 4790 Optat
474 4703 622 4788 aprum,
643 4705 704 4760 aut
723 4683 864 4756 fulvom
883 4682 1094 4756 descendere
1114 4701 1241 4758 monte
1258 4685 1416 4760 leonem.
