3750 6217
339 704 422 798 ,οε
502 697 955 780 nsuntnos
1006 703 1147 776 vnr.
1205 728 1240 776 v.
1292 703 1387 792 ⁶⁵⁵·

337 870 538 950 Porticibus
557 869 684 948 Gallos
702 869 739 938 in
760 870 887 948 limine
905 870 1028 944 adesse
1047 869 1218 942 canebat:

337 985 436 1058 Galli
455 1012 519 1081 per
538 986 672 1056 dumos
691 984 857 1074 aderant,
878 1011 1068 1081 arcemque
1088 985 1276 1075 tenebant,

336 1101 487 1176 Defensi
504 1101 680 1186 tenebris,
702 1119 739 1178 et
755 1100 857 1172 dono
876 1103 993 1176 noctis
1012 1127 1155 1198 opacae.

336 1216 453 1300 Aurea¹
472 1217 637 1289 caesaries
657 1218 764 1305 pllis,
783 1235 895 1310 atque
910 1243 1012 1289 aurea
1029 1219 1157 1292 vestis:

337 1333 492 1432 virgatis
510 1334 631 1402 lucent
650 1333 779 1428 sagulis
803 1359 811 1402 z
840 1351 920 1404 tum
940 1335 1048 1406 lactea
1067 1336 1161 1407 colla

337 1449 436 1520 Auro
459 1449 711 1524 innectuntur:
740 1447 817 1517 duo
838 1449 994 1542 quisque
1012 1448 1145 1544 Alpina
1166 1463 1352 1542 coruscent

337 1564 452 1634 Gaesa
470 1587 598 1650 manu,
619 1563 726 1634 sentis
748 1566 898 1656 protecti
918 1589 1071 1659 corpora
1089 1566 1217 1664 longis.

338 1675 407 1754 Hic
427 1681 634 1750 exsultantis
651 1676 785 1764 Salios,
808 1680 1003 1772 nudosque
1022 1680 1226 1776 Lupercos,

337 1795 604 1892 Lanigerosque
621 1794 760 1888 apices,
783 1819 818 1864 et
838 1795 932 1865 labsa
955 1797 1081 1868 ancilia
1099 1799 1203 1869 coelo

337 1910 530 1982 Extnderat
552 1936 560 1976 :
591 1927 705 1982 castae
721 1909 901 1984 ducebant
920 1935 1013 1997 sacra
1034 1937 1097 2005 per
1117 1913 1242 1984 urbem

337 2026 487 2100 Pilcntis
506 2042 634 2118 matres
652 2027 690 2094 in
709 2025 893 2116 mollibus.
931 2026 1013 2096 hinc
1033 2031 1160 2120 procul
1172 2027 1280 2108 addit

337 2142 520 2213 Tartareas
538 2141 646 2238 etiam
667 2139 787 2227 sedes,
809 2142 877 2212 alta
897 2142 987 2220 ostia
1006 2142 1122 2224 Diem

336 2259 383 2329 Et
402 2259 575 2329 scelernm
595 2279 754 2350 poenas,
777 2269 813 2326 et
830 2273 888 2344 te,
912 2255 1090 2347 Catilina,
1112 2258 1244 2330 minaci

336 2373 561 2454 Pendentem
579 2372 752 2465 scopulo,
779 2369 1035 2466 Furiarumque
1053 2399 1112 2444 ora
1130 2392 1341 2450 trementem
1356 2403 1368 2456 ;

336 2471 568 2579 Secretosclue
584 2487 694 2578 pios:
723 2487 778 2558 bis
798 2486 945 2560 dantem
960 2492 1038 2585 jura
1054 2489 1243 2562 Catonem.

336 2605 435 2676 Haec
456 2603 545 2674 inter
561 2601 694 2672 tumidi
714 2604 783 2693 late
801 2604 908 2674 maris
929 2603 1002 2676 ibat
1021 2605 1140 2702 imago

334 2720 478 2796 Anrea;
503 2715 566 2788 sed
586 2717 696 2788 fluctu
715 2717 931 2811 spumabant
949 2722 1084 2789 caerula
1101 2744 1214 2791 cano:

334 2835 382 2914 Et
400 2835 533 2910 circum
552 2851 696 2930 argento
717 2833 798 2904 clari
818 2831 1006 2926 delphines
1027 2836 1066 2916 in
1086 2837 1211 2906 orbem

334 2950 506 3043 Aequora
524 2947 708 3024 verrebant
721 2948 863 3034 caudis,
889 2971 1100 3044 aestumque
1120 2951 1297 3026 secabant.

332 3066 379 3150 In
397 3065 522 3154 medio
542 3064 661 3138 classis
680 3085 831 3152 aeratas,
852 3063 952 3134 Actia
971 3065 1066 3138 bella
1265 3075 1267 3082 '

335 3179 486 3251 Cernere
505 3199 577 3251 erat
596 3196 828 3271 :totumque
849 3179 1019 3254 i'nstnrcto
1040 3179 1151 3264 Marte
1168 3182 1313 3266 videres

333 3296 478 3365 Fervere
499 3294 699 3378 Leucaten,
726 3319 885 3386 ausuque
902 3281 1065 3393 eflulgere
1085 3296 1223 3370 fluctus.

333 3410 432 3480 Hinc
449 3409 630 3504 Augustus
647 3435 754 3506 agens
776 3411 885 3481 Italos
904 3411 942 3482 in
959 3413 1096 3505 proelia
1114 3412 1241 3490 Caesar

335 3525 432 3596 Cum
451 3523 629 3619 patribns,
647 3527 885 3618 populoque„
904 3525 1111 3614 Penatibus,
1133 3547 1168 3599 et
1187 3511 1326 3624 magnis
1346 3528 1438 3619 diis,

333 3641 437 3716 Stans
457 3641 547 3712 celsa
569 3639 606 3708 in
623 3641 741 3734 puppi
764 3669 772 3710 z
802 3640 961 3737 geminas
980 3643 1039 3712 cui
1055 3662 1219 3737 tempora
1240 3643 1405 3718 flammas

334 3758 442 3830 Laeta
461 3773 639 3844 vomunt,
662 3755 892 3850 patriumque
910 3757 1065 3850 aperitur
1081 3760 1209 3832 vertice
1230 3759 1338 3831 sidus.

333 3873 433 3946 Parte
453 3873 520 3960 alia
537 3873 651 3944 ventis
671 3890 707 3941 et
726 3870 794 3941 diis
815 3870 972 3969 Agrippa
993 3874 1160 3948 secundis

332 3987 473 4060 Arduus
493 4009 622 4084 agmen
642 4010 748 4083 agens
770 4015 777 4056 :
807 3989 884 4076 cui,
908 3987 993 4058 belli
1014 3990 1149 4088 insigne
1171 3990 1392 4086 superbum,

331 4101 517 4196 Tempora
536 4103 652 4170 navali
671 4099 808 4198 fulgent
825 4121 967 4176 rostrata
989 4129 1131 4176 corona.

332 4217 429 4286 Hinc
448 4242 518 4308 ope
539 4215 716 4294 barbarica
738 4217 912 4311 variisque
932 4217 1113 4294 Antonius
1133 4223 1266 4312 armis,

330 4331 458 4402 Victor
478 4329 522 4399 ab
543 4328 698 4430 Aurorae
717 4334 867 4425 populis
887 4352 922 4403 et
942 4333 1045 4406 litore
1067 4337 1215 4424 inbre,

330 4445 554 4543 Aegyptum,
576 4447 739 4537 viresqne
758 4448 934 4540 Orientis,
958 4468 993 4521 et
1013 4451 1140 4522 ultima
1160 4478 1281 4543 secum

331 4561 450 4634 Bactra
468 4561 584 4640 vehit;
607 4562 837 4654 sequiturque
858 4562 1004 4656 (nefas)
1029 4564 1201 4665 begs-pria
1223 4569 1393 4665 conjunx.
