3750 6217
481 740 927 819 AENEIDOS
985 744 1046 817 11.
1105 766 1139 814 n
1192 762 1282 834 5⁹3·
1407 756 1482 830 153
1606 828 1610 837 ,

275 902 350 983 Aut
367 907 518 980 moriere
540 910 659 982 simul.
699 911 748 983 sic
766 936 828 982 ore
847 908 968 1001 effata,
989 909 1122 1004 recepit

275 1020 335 1097 Ad
356 1050 452 1113 sese,
474 1043 508 1097 et
529 1049 621 1097 sacra
641 1026 859 1125 longaevum
880 1026 918 1096 in
937 1012 1021 1098 ‘sede
1040 1021 1182 1095 locavit.

331 1141 422 1213 Ecce
442 1148 562 1211 autem
580 1142 722 1214 elnbsus
739 1141 860 1237 Pyrrhi
880 1141 925 1211 de
946 1138 1054 1212 caede
1074 1138 1232 1228 Polites,

275 1246 379 1329 Unus
397 1276 564 1329 natorum
584 1255 741 1346 Priami,
768 1275 832 1351 per
848 1257 940 1346 tela,
960 1280 1024 1351 per
1040 1254 1154 1326 hostis

278 1371 480 1443 Porticibus
501 1372 619 1469 longis
636 1364 746 1471 fugit,
765 1390 801 1443 et
819 1396 929 1443 vacua
947 1371 1032 1443 atria
1052 1371 1177 1441 lustrat

277 1484 434 1559 Saucius.
476 1486 581 1556 illum
603 1487 729 1560 ardens
748 1485 877 1559 infesto
897 1488 1044 1557 volnere
1062 1484 1216 1579 Pyrrhus

278 1590 508 1695 Insequitur,
524 1603 600 1698 jam
613 1605 764 1700 jamque
784 1625 895 1673 manu
914 1618 1036 1690 tenet,
1059 1618 1094 1672 et
1113 1597 1245 1694 premit
1261 1597 1368 1671 husu

277 1712 327 1788 Ut
346 1702 492 1787 tandem
512 1735 594 1789 ante
614 1720 741 1791 oculos
761 1717 871 1790 euasit
890 1735 925 1787 et
944 1732 1004 1787 ora
1022 1728 1236 1810 parentum,

278 1822 467 1922 Concidit,
488 1856 529 1902 ac
549 1834 669 1906 multo
692 1833 804 1904 vitam
824 1846 909 1905 c'um
930 1831 1101 1930 sanguine
1119 1828 1225 1900 fudit

277 1934 347 2018 l·lic
366 1945 550 2036 Priamus,
571 1962 798 2042 quamquam
818 1948 856 2017 ln
876 1947 996 2017 media
1011 1949 1088 2044 jam
1108 1961 1225 2015 morte
1242 1956 1406 2035 tenetur,

279 2046 366 2133 Non
386 2079 508 2133 tamen
527 2061 722 2153 abstinuit,
745 2076 811 2135 nec
829 2062 911 2134 voci
929 2062 1071 2155 iraeque
1091 2059 1259 2156 pepercit

277 2166 325 2250 At
345 2177 411 2248 tibi
429 2203 496 2273 pro
517 2178 666 2265 scelere,
689 2181 882 2267 exclamat,
905 2192 972 2272 pro
992 2176 1124 2249 talibus
1143 2170 1259 2264 ausis,

279 2290 362 2380 Dii,
385 2295 414 2365 si
430 2318 503 2386 qua
523 2310 575 2364 est
593 2294 698 2364 coelo
716 2294 852 2387 pietas,
878 2304 971 2386 quae
990 2292 1073 2363 talia
1091 2292 1213 2380 curel,

279 2394 485 2480 Persolvant
505 2429 615 2507 grates
635 2407 785 2506 dignas,
805 2426 840 2479 et
859 2408 1017 2502 praemia
1037 2406 1186 2477 reddant

278 2519 409 2595 Debita
431 2551 438 2591 :
470 2525 533 2617 qui
554 2524 627 2594 nati
648 2537 768 2596 coram
789 2544 849 2593 me
868 2538 1007 2595 cemele
1029 2524 1145 2593 letum

278 2635 430 2728 Fecisti,
450 2657 485 2710 et
501 2640 635 2733 patrios
653 2638 806 2710 foedasti
825 2636 947 2709 funere
964 2639 1099 2717 voltus

279 2750 328 2823 At
346 2771 423 2823 non
443 2754 526 2844 ille,
545 2772 663 2827 saturn
682 2777 757 2847 quo
776 2771 811 2824 te
831 2753 1010 2841 mentitis,
1030 2751 1188 2823 Achilles

280 2858 382 2938 Talis
398 2866 437 2937 in
456 2867 560 2939 hoste
579 2867 649 2939 lui-t
666 2868 809 2940 Priamo
832 2896 840 2937 ι
870 2850 932 2941 sed
945 2870 1025 2966 jura
1045 2865 1230 2958 fidemque

278 2978 462 3075 Supplicis
482 2981 647 3071 erubuit,
672 2998 878 3078 corpusque
895 2999 1072 3080 exsangue
1093 2981 1256 3075 sepulcro

279 3090 454 3170 Reddidit
472 3092 712 3185 Hectoreum,
733 3112 867 3190 meque
886 3097 925 3167 in
945 3114 1026 3167 mea
1042 3107 1149 3194 regna
1167 3092 1315 3167 remisib

279 3210 336 3309 Sic
353 3209 446 3284 fatus
465 3213 605 3300 senior,
628 3212 816 3306 telumque
837 3212 971 3284 inbelle
989 3211 1064 3283 sine
1085 3212 1158 3281 lc'tu

280 3320 469 3425 Con'jecit:
499 3351 608 3398 rauco
630 3326 733 3421 quod
753 3328 920 3421 protinus
939 3342 1017 3398 aere
1036 3327 1245 3420 repulsum,

280 3432 327 3513 Et
347 3465 495 3515 summo
516 3442 625 3536 clipei
642 3429 893 3537 nequidquam
914 3441 1078 3514 umbone
1098 3439 1283 3537 pependit.

280 3551 350 3628 Cui
371 3539 521 3651 Pyrrhus
541 3585 549 3626 ε
579 3552 721 3629 Refetes
740 3568 823 3656 erg'o
841 3558 947 3647 haec,
969 3576 1005 3630 et
1020 3554 1167 3629 nuntius
1186 3553 1255 3629 ibis

279 3659 423 3743 Pelidae
440 3672 601 3772 genitori.
643 3672 697 3744 illi
714 3696 797 3744 mea
815 3673 925 3747 tristia
943 3672 1058 3764 facia,

280 3783 578 3887 Degeneremque
596 3785 884 3882 Neoptolemum
903 3804 1039 3860 narrare
1056 3795 1253 3860 memento.

280 3888 389 3973 Nunc
409 3920 557 3974 morere.
592 3902 663 3973 hoc
682 3902 830 3995 dicens,
853 3905 974 3976 altaria
994 3904 1040 3975 ad
1061 3905 1138 3999 ipsa
1154 3912 1366 3974 trementem

281 4012 429 4106 Traxit,
456 4036 492 4089 et
512 4017 551 4088 in
570 4017 688 4088 multo
708 4018 909 4091 lassantem
930 4020 1101 4118 sanguine
1118 4017 1213 4108 nati,

282 4130 530 4227 Inplicuitque
549 4155 695 4204 comam
712 4135 811 4206 laeva
829 4156 838 4215 ς
863 4134 1059 4228 dextraque
1077 4139 1267 4207 corusc'u'ill

280 4233 443 4339 Extulit,
466 4272 506 4318 ac
526 4248 624 4319 lateri
643 4248 773 4343 capulo
791 4270 896 4323 tenus
915 4248 1055 4322 abdidit
1072 4260 1207 4322 ensem.

280 4360 379 4434 Haec
396 4362 478 4437 finis
496 4356 629 4434 Priami
648 4360 803 4435 fatorum
821 4394 829 4435 ε
858 4363 947 4438 hicc’
968 4366 1085 4437 exitus
1103 4350 1209 4436 illum

281 4460 383 4551 Sorte
400 4479 505 4569 tulit,
525 4462 677 4550 Troiam
698 4478 901 4571 incensam,
924 4499 960 4553 et
975 4466 1142 4576 prolabsa
1160 4479 1344 4553 videntem

282 4588 452 4697 Pergama
471 4625 480 4677 ς
508 4606 570 4669 tot
585 4595 775 4691 quondam
793 4597 945 4693 populis
963 4597 1134 4691 terrisque
1154 4594 1351 4690 superbum
