3750 6217
369 667 448 779 reo
522 645 1406 772 abnEIousvl11.r.3r3.

366 847 529 920 Deterior
546 849 664 918 doucc
683 847 869 944 paullatim
892 872 931 917 ac
952 846 1100 916 decolor
1119 863 1232 933 aetas,

367 963 414 1035 Et
432 965 519 1035 belli
537 961 671 1050 rables,
689 983 724 1034 et
743 987 844 1033 arnor
862 961 1028 1033 successit
1046 961 1212 1031 habendi.

368 1067 468 1150 Tum
486 1103 618 1148 manus
634 1076 794 1149 Ausonia
812 1094 847 1148 et
864 1095 986 1173 gentes
1004 1101 1130 1146 venere
1150 1073 1316 1153 Sicanae:

369 1196 517 1292 Saepius
538 1213 573 1264 et
593 1218 729 1263 nornen
749 1193 872 1286 p'osuit
891 1191 1052 1262 Saturnia
1070 1192 1185 1262 tellus.

370 1312 470 1381 Turn
488 1333 606 1406 reges,
629 1331 801 1402 asperque
819 1307 957 1377 inmani
978 1329 1128 1399 corpore
1148 1306 1326 1398 Thybris:

370 1423 404 1518 A
423 1450 498 1518 quo
519 1443 604 1517 post
622 1423 703 1493 Itali
722 1423 872 1492 lluvium
893 1420 1113 1518 cognomine
1133 1421 1310 1517 Thybrim

371 1535 541 1612 Diximus
562 1567 568 1605 :
599 1537 718 1609 amisit
733 1538 857 1607 venrr'n
875 1556 975 1608 vetus
993 1535 1125 1607 Albula
1142 1557 1289 1608 nomem

371 1655 435 1750 Me
453 1655 601 1748 pulsum
621 1656 749 1748 patria,
775 1653 965 1750 pelagique
983 1671 1137 1723 extrema
1160 1670 1395 1746 sequentem3

373 1771 530 1841 Fortuna
552 1770 788 1862 omnipotens
805 1788 839 1838 et
857 1767 1084 1840 ineluctabile
1104 1767 1221 1839 latum

375 1886 443 1956 His
461 1910 612 1978 posuere
633 1884 722 1954 lotis
747 1913 754 1950 :
784 1884 979 1976 matrisque
999 1885 1096 1980 egere
1117 1881 1300 1954 tremenda

376 1999 575 2070 Carmentis
596 2001 778 2093 nymphae
796 1998 963 2086 monita,
988 2017 1022 2068 'et
1041 1997 1129 2069 deus
1148 2007 1269 2068 auctor
1286 1996 1435 2091 Apollo:

375 2099 452 2185 Vix
472 2142 511 2184 ea
531 2115 625 2184 dicta
646 2142 654 2182 :
684 2114 814 2183 dehinc
832 2137 1034 2208 progressus
1055 2132 1229 2185 monstrat
1248 2127 1283 2184 'et
1302 2137 1422 2200 aram,

377 2223 424 2302 Et
442 2229 705 2299 Carmentalem
723 2227 892 2296 Romano
913 2229 1063 2298 nomine
1081 2248 1223 2322 portam

378 2335 501 2449 ¹Quam
522 2362 741 2430 memorant,
762 2343 943 2436 nymphae
961 2345 1117 2436 priscum
1133 2342 1332 2414 Carmentis
1350 2343 1558 2432 honorem,

377 2459 483 2529 Vatis
500 2457 684 2536 faticlicae;
708 2458 835 2528 cecinit
855 2483 948 2550 quae
967 2460 1081 2553 prima
1102 2458 1240 2530 sutriros

378 2573 566 2645 Aeneadas
583 2579 755 2670 magnos,
775 2591 811 2644 et
832 2574 958 2643 nobile
978 2574 1211 2644 Pallanteum.

380 2689 479 2760 Hinc
498 2691 622 2759 lu'curn
643 2689 846 2786 ingentem,
870 2713 982 2780 quern
1003 2689 1183 2760 Romulus
1201 2713 1276 2760 acer
1295 2686 1452 2782 Asylum

377 2805 538 2896 Retulit,
559 2822 594 2874 et
613 2804 728 2902 gelida
745 2823 922 2876 monstrat
942 2804 1008 2875 sub
1028 2831 1115 2898 nrpe
1136 2803 1330 2899 Lupercal,

381 2921 561 3016 Parrhasio
581 2917 718 2990 dictum
738 2920 855 2990 Panos
874 2919 919 2989 de
936 2926 1037 2990 more
1059 2921 1197 3014 Lycaei.

381 3035 458 3107 Nec
478 3029 556 3108 non'
577 3043 611 3106 'et
629 3036 714 3106 sacri
734 3053 909 3106 monstrat
928 3059 1057 3107 nemus
1076 3034 1239 3132 Argileti,

382 3151 619 3243 Testaturque
638 3151 785 3237 locum,
809 3169 843 3221 et
861 3153 974 3221 letum
995 3151 1101 3222 docet
1119 3151 1270 3245 lro'spitis
1290 3149 1382 3252 Argi:

383 3266 481 3336 Hinc
499 3267 545 3335 atl
563 3264 754 3358 Tarpeiam
774 3265 895 3335 sedem
914 3284 949 3361 et
967 3265 1146 3359 Capitolia
1167 3267 1283 3355 ducit,

385 3381 499 3450 Aurea
519 3404 632 3466 nunc,
656 3383 746 3449 olim
768 3381 985 3452 silvestribus
1005 3383 1142 3452 horrida
1163 3382 1292 3452 dumis

380 3497 466 3584 Jarn
485 3514 565 3566 turn
585 3496 707 3593 religio
730 3496 883 3588 pavidos
902 3498 1050 3568 terrebat
1066 3498 1206 3596 agrestis

386 3611 471 3680 Dira
491 3609 561 3679 loci
584 3638 591 3676 :
616 3613 792 3708 jamtum
813 3613 935 3680 silvam
957 3638 1154 3706 saxumque
1174 3609 1382 3684 tremebant·

387 3726 469 3796 Hoc
489 3751 639 3814 nemus,
664 3726 781 3813 huuc,
804 3726 942 3818 inquit,
966 3726 1139 3800 frondoso
1160 3731 1285 3800 vertice
1305 3727 1462 3819 collem,

386 3829 482 3946 Quis
499 3843 611 3930 deus,
635 3843 807 3932 incertum
828 3855 903 3929 est,
923 3843 1058 3915 habitat
1077 3845 1163 3916 deus
1188 3872 1194 3910 :
1225 3844 1376 3915 Arcades
1396 3845 1523 3940 ipsum

388 3949 548 4029 Credunt
568 3983 603 4028 se
621 3957 750 4029 vidisse
766 3956 920 4044 lurein,
945 3984 1060 4051 quom
1080 3985 1184 4054 saepe
1205 3961 1404 4058 nigrantem

387 4067 523 4170 Aegida
541 4089 766 4161 concuteret,
790 4073 910 4143 dextra
928 4075 1146 4169 nimbosque
1167 4077 1278 4146 tieretr

388 4186 486 4257 Haec
497 4169 581 4257 'duo
602 4197 777 4281 praeterea
797 4189 949 4285 disjectis
970 4187 1107 4284 oppida
1127 4193 1257 4279 mur·i5‚

388 4285 571 4394 Reliquias
592 4321 823 4397 veterumque
841 4304 939 4374 vides
955 4313 1191 4378 monumenta
1212 4309 1377 4380 virorum.

390 4416 493 4488 Hanc
507 4415 620 4506 Janus
640 4436 759 4514 pater,
784 4420 874 4489 hanc
894 4418 1061 4492 Saturnus
1081 4424 1243 4505 condidit
1263 4449 1400 4495 arcena:

384 4527 592 4622 Janiculum
609 4537 715 4625 lr'uic5
739 4535 792 4605 illi
809 4533 920 4610 luerat
937 4534 1096 4611 Saturnia
1113 4565 1260 4612 nomeu.
