<?xml version="1.0" encoding="UTF-8"?>
<!DOCTYPE html PUBLIC "-//W3C//DTD XHTML 1.0 Transitional//EN"
    "http://www.w3.org/TR/xhtml1/DTD/xhtml1-transitional.dtd">
<html xmlns="http://www.w3.org/1999/xhtml" xml:lang="en" lang="en">
 <head>
  <title>
</title>
<meta http-equiv="Content-Type" content="text/html;charset=utf-8" />
  <meta name='ocr-system' content='tesseract 3.04.00' />
  <meta name='ocr-capabilities' content='ocr_page ocr_carea ocr_par ocr_line ocrx_word'/>
</head>
<body>
  <div class='ocr_page' id='page_1' title='image "./publiivirgiliim00brungoog_0063.png"; bbox 0 0 3750 6217; ppageno 0'>
   <div class='ocr_carea' id='block_1_1' title="bbox 231 3952 3379 5692">
    <p class='ocr_par' dir='ltr' id='par_1_1' title="bbox 231 3952 3379 5692">
     <span class='ocr_line' id='line_1_1' title="bbox 231 3952 3379 5692; baseline 0 0"><span class='ocrx_word' id='word_1_1' title='bbox 231 3952 3379 5692; x_wconf 95' lang='lat' dir='ltr'> </span> 
     </span>
    </p>
   </div>
   <div class='ocr_carea' id='block_1_2' title="bbox 831 677 2879 781">
    <p class='ocr_par' dir='ltr' id='par_1_2' title="bbox 831 677 2879 781">
     <span class='ocr_line' id='line_1_2' title="bbox 831 677 2879 781; baseline -0.005 -20"><span class='ocrx_word' id='word_1_2' title='bbox 831 694 927 781; x_wconf 80' lang='lat'>48</span> <span class='ocrx_word' id='word_1_3' title='bbox 1185 677 2879 759; x_wconf 57' lang='lat' dir='ltr'>GEORG1C0N1.ae-.226.</span> 
     </span>
    </p>
   </div>
   <div class='ocr_carea' id='block_1_3' title="bbox 817 846 2985 3944">
    <p class='ocr_par' dir='ltr' id='par_1_3' title="bbox 823 846 2254 948">
     <span class='ocr_line' id='line_1_3' title="bbox 823 846 2254 948; baseline -0.005 -23"><span class='ocrx_word' id='word_1_4' title='bbox 823 854 1242 948; x_wconf 79' lang='lat' dir='ltr'><strong>Exspectata</strong></span> <span class='ocrx_word' id='word_1_5' title='bbox 1286 876 1476 947; x_wconf 76' lang='lat' dir='ltr'>seges</span> <span class='ocrx_word' id='word_1_6' title='bbox 1524 851 1723 921; x_wconf 78' lang='lat' dir='ltr'>vanis</span> <span class='ocrx_word' id='word_1_7' title='bbox 1768 849 1978 920; x_wconf 85' lang='lat' dir='ltr'>elusit</span> <span class='ocrx_word' id='word_1_8' title='bbox 2015 846 2254 918; x_wconf 66' lang='lat' dir='ltr'>aristis»</span> 
     </span>
    </p>

    <p class='ocr_par' dir='ltr' id='par_1_4' title="bbox 825 962 2746 1060">
     <span class='ocr_line' id='line_1_4' title="bbox 825 962 2746 1060; baseline -0.007 -19"><span class='ocrx_word' id='word_1_9' title='bbox 825 968 897 1041; x_wconf 91' lang='lat' dir='ltr'>Si</span> <span class='ocrx_word' id='word_1_10' title='bbox 947 994 1114 1039; x_wconf 86' lang='lat' dir='ltr'>vcro</span> <span class='ocrx_word' id='word_1_11' title='bbox 1160 968 1566 1060; x_wconf 83' lang='lat' dir='ltr'>viciamque</span> <span class='ocrx_word' id='word_1_12' title='bbox 1623 988 1843 1053; x_wconf 90' lang='lat' dir='ltr'>seres,</span> <span class='ocrx_word' id='word_1_13' title='bbox 1896 964 2259 1054; x_wconf 80' lang='lat' dir='ltr'>vilemque</span> <span class='ocrx_word' id='word_1_14' title='bbox 2310 962 2687 1056; x_wconf 83' lang='lat' dir='ltr'>phaselum</span> <span class='ocrx_word' id='word_1_15' title='bbox 2720 1012 2746 1050; x_wconf 89' lang='lat'><strong>,</strong></span> 
     </span>
    </p>

    <p class='ocr_par' dir='ltr' id='par_1_5' title="bbox 823 1076 2580 1173">
     <span class='ocr_line' id='line_1_5' title="bbox 823 1076 2580 1173; baseline -0.003 -18"><span class='ocrx_word' id='word_1_16' title='bbox 823 1082 977 1157; x_wconf 90' lang='lat' dir='ltr'>Nec</span> <span class='ocrx_word' id='word_1_17' title='bbox 1023 1084 1422 1155; x_wconf 80' lang='lat' dir='ltr'>Pelusiacae</span> <span class='ocrx_word' id='word_1_18' title='bbox 1478 1106 1717 1152; x_wconf 86' lang='lat' dir='ltr'>curam</span> <span class='ocrx_word' id='word_1_19' title='bbox 1767 1076 2277 1173; x_wconf 83' lang='lat' dir='ltr'>adspemabere</span> <span class='ocrx_word' id='word_1_20' title='bbox 2326 1078 2580 1155; x_wconf 86' lang='lat' dir='ltr'>lentis;</span> 
     </span>
    </p>

    <p class='ocr_par' dir='ltr' id='par_1_6' title="bbox 825 1192 2693 1291">
     <span class='ocr_line' id='line_1_6' title="bbox 825 1192 2693 1291; baseline -0.004 -21"><span class='ocrx_word' id='word_1_21' title='bbox 825 1199 1040 1270; x_wconf 88' lang='lat' dir='ltr'>Haud</span> <span class='ocrx_word' id='word_1_22' title='bbox 1086 1198 1384 1270; x_wconf 83' lang='lat' dir='ltr'>obscura</span> <span class='ocrx_word' id='word_1_23' title='bbox 1426 1196 1681 1268; x_wconf 89' lang='lat' dir='ltr'>cadens</span> <span class='ocrx_word' id='word_1_24' title='bbox 1724 1196 1964 1266; x_wconf 88' lang='lat' dir='ltr'>mittet</span> <span class='ocrx_word' id='word_1_25' title='bbox 2002 1193 2133 1265; x_wconf 86' lang='lat' dir='ltr'>tibi</span> <span class='ocrx_word' id='word_1_26' title='bbox 2175 1193 2371 1291; x_wconf 86' lang='lat' dir='ltr'>signa</span> <span class='ocrx_word' id='word_1_27' title='bbox 2412 1192 2693 1266; x_wconf 87' lang='lat' dir='ltr'>Bootes.</span> 
     </span>
    </p>

    <p class='ocr_par' dir='ltr' id='par_1_7' title="bbox 826 1309 2831 1520">
     <span class='ocr_line' id='line_1_7' title="bbox 826 1309 2831 1408; baseline -0.001 -23"><span class='ocrx_word' id='word_1_28' title='bbox 826 1316 1079 1408; x_wconf 89' lang='lat' dir='ltr'>Incipe</span> <span class='ocrx_word' id='word_1_29' title='bbox 1105 1369 1124 1403; x_wconf 84' lang='lat'>‚</span> <span class='ocrx_word' id='word_1_30' title='bbox 1182 1332 1250 1384; x_wconf 92' lang='lat' dir='ltr'>et</span> <span class='ocrx_word' id='word_1_31' title='bbox 1297 1314 1388 1383; x_wconf 88' lang='lat' dir='ltr'>ad</span> <span class='ocrx_word' id='word_1_32' title='bbox 1427 1312 1697 1383; x_wconf 88' lang='lat' dir='ltr'>medias</span> <span class='ocrx_word' id='word_1_33' title='bbox 1737 1329 2133 1381; x_wconf 81' lang='lat' dir='ltr'>sementem</span> <span class='ocrx_word' id='word_1_34' title='bbox 2171 1309 2473 1383; x_wconf 65' lang='lat' dir='ltr'>extende</span> <span class='ocrx_word' id='word_1_35' title='bbox 2512 1310 2831 1404; x_wconf 57' lang='lat' dir='ltr'>pruinas,</span> 
     </span>
     <span class='ocr_line' id='line_1_8' title="bbox 943 1424 2559 1520; baseline -0.003 -20"><span class='ocrx_word' id='word_1_36' title='bbox 943 1430 1216 1500; x_wconf 86' lang='lat' dir='ltr'>Idcirco</span> <span class='ocrx_word' id='word_1_37' title='bbox 1257 1429 1456 1500; x_wconf 82' lang='lat' dir='ltr'>certis</span> <span class='ocrx_word' id='word_1_38' title='bbox 1494 1428 1908 1498; x_wconf 89' lang='lat' dir='ltr'>dimensum</span> <span class='ocrx_word' id='word_1_39' title='bbox 1948 1424 2266 1520; x_wconf 89' lang='lat' dir='ltr'>partibus</span> <span class='ocrx_word' id='word_1_40' title='bbox 2308 1425 2559 1495; x_wconf 87' lang='lat' dir='ltr'>orbem</span> 
     </span>
    </p>

    <p class='ocr_par' dir='ltr' id='par_1_8' title="bbox 827 1540 2573 1642">
     <span class='ocr_line' id='line_1_9' title="bbox 827 1540 2573 1642; baseline -0.002 -25"><span class='ocrx_word' id='word_1_41' title='bbox 827 1544 958 1617; x_wconf 90' lang='lat' dir='ltr'>Per</span> <span class='ocrx_word' id='word_1_42' title='bbox 1006 1544 1344 1615; x_wconf 88' lang='lat' dir='ltr'>duodena</span> <span class='ocrx_word' id='word_1_43' title='bbox 1394 1544 1568 1642; x_wconf 86' lang='lat' dir='ltr'>regit</span> <span class='ocrx_word' id='word_1_44' title='bbox 1619 1540 1879 1613; x_wconf 87' lang='lat' dir='ltr'>mundi</span> <span class='ocrx_word' id='word_1_45' title='bbox 1918 1542 2028 1612; x_wconf 91' lang='lat' dir='ltr'>sol</span> <span class='ocrx_word' id='word_1_46' title='bbox 2078 1565 2329 1611; x_wconf 90' lang='lat' dir='ltr'>aureus</span> <span class='ocrx_word' id='word_1_47' title='bbox 2376 1558 2573 1614; x_wconf 87' lang='lat' dir='ltr'>astra.</span> 
     </span>
    </p>

    <p class='ocr_par' dir='ltr' id='par_1_9' title="bbox 829 1660 2985 1765">
     <span class='ocr_line' id='line_1_10' title="bbox 829 1660 2985 1765; baseline 0.002 -34"><span class='ocrx_word' id='word_1_48' title='bbox 829 1660 1181 1765; x_wconf 74' lang='lat' dir='ltr'>Quinque</span> <span class='ocrx_word' id='word_1_49' title='bbox 1219 1677 1464 1730; x_wconf 90' lang='lat' dir='ltr'>tenent</span> <span class='ocrx_word' id='word_1_50' title='bbox 1501 1661 1788 1729; x_wconf 84' lang='lat' dir='ltr'>coelum</span> <span class='ocrx_word' id='word_1_51' title='bbox 1827 1681 2094 1735; x_wconf 89' lang='lat' dir='ltr'>zonae;</span> <span class='ocrx_word' id='word_1_52' title='bbox 2146 1681 2451 1749; x_wconf 86' lang='lat' dir='ltr'>quarum</span> <span class='ocrx_word' id='word_1_53' title='bbox 2498 1683 2641 1729; x_wconf 86' lang='lat' dir='ltr'>una</span> <span class='ocrx_word' id='word_1_54' title='bbox 2682 1682 2985 1735; x_wconf 83' lang='lat' dir='ltr'>corusco</span> 
     </span>
    </p>

    <p class='ocr_par' dir='ltr' id='par_1_10' title="bbox 825 1771 2745 1874">
     <span class='ocr_line' id='line_1_11' title="bbox 825 1771 2745 1874; baseline -0.001 -27"><span class='ocrx_word' id='word_1_55' title='bbox 825 1774 1121 1870; x_wconf 73' lang='lat' dir='ltr'>Semper</span> <span class='ocrx_word' id='word_1_56' title='bbox 1160 1778 1312 1847; x_wconf 92' lang='lat' dir='ltr'>sole</span> <span class='ocrx_word' id='word_1_57' title='bbox 1351 1773 1612 1845; x_wconf 89' lang='lat' dir='ltr'>rubens</span> <span class='ocrx_word' id='word_1_58' title='bbox 1645 1827 1666 1862; x_wconf 89' lang='lat'><strong>,</strong></span> <span class='ocrx_word' id='word_1_59' title='bbox 1713 1791 1784 1843; x_wconf 92' lang='lat' dir='ltr'>et</span> <span class='ocrx_word' id='word_1_60' title='bbox 1821 1771 2081 1842; x_wconf 89' lang='lat' dir='ltr'>torrida</span> <span class='ocrx_word' id='word_1_61' title='bbox 2118 1797 2400 1866; x_wconf 86' lang='lat' dir='ltr'>semper</span> <span class='ocrx_word' id='word_1_62' title='bbox 2438 1774 2528 1845; x_wconf 90' lang='lat' dir='ltr'>ab</span> <span class='ocrx_word' id='word_1_63' title='bbox 2564 1776 2745 1874; x_wconf 89' lang='lat' dir='ltr'>igni:</span> 
     </span>
    </p>

    <p class='ocr_par' dir='ltr' id='par_1_11' title="bbox 826 1888 2869 1995">
     <span class='ocr_line' id='line_1_12' title="bbox 826 1888 2869 1995; baseline 0.002 -35"><span class='ocrx_word' id='word_1_64' title='bbox 826 1891 1073 1995; x_wconf 76' lang='lat' dir='ltr'>Quam</span> <span class='ocrx_word' id='word_1_65' title='bbox 1117 1891 1380 1961; x_wconf 89' lang='lat' dir='ltr'>circum</span> <span class='ocrx_word' id='word_1_66' title='bbox 1426 1907 1776 1961; x_wconf 83' lang='lat' dir='ltr'>extremae</span> <span class='ocrx_word' id='word_1_67' title='bbox 1813 1888 2053 1958; x_wconf 82' lang='lat' dir='ltr'>dextra</span> <span class='ocrx_word' id='word_1_68' title='bbox 2090 1888 2427 1980; x_wconf 82' lang='lat' dir='ltr'>laevaque</span> <span class='ocrx_word' id='word_1_69' title='bbox 2467 1892 2869 1985; x_wconf 85' lang='lat' dir='ltr'>trahuntur,</span> 
     </span>
    </p>

    <p class='ocr_par' dir='ltr' id='par_1_12' title="bbox 828 2003 2677 2104">
     <span class='ocr_line' id='line_1_13' title="bbox 828 2003 2677 2104; baseline 0.001 -27"><span class='ocrx_word' id='word_1_70' title='bbox 828 2006 1166 2077; x_wconf 89' lang='lat' dir='ltr'>Caerulea</span> <span class='ocrx_word' id='word_1_71' title='bbox 1204 2005 1423 2104; x_wconf 87' lang='lat' dir='ltr'>glacie</span> <span class='ocrx_word' id='word_1_72' title='bbox 1460 2022 1822 2076; x_wconf 86' lang='lat' dir='ltr'>concretae</span> <span class='ocrx_word' id='word_1_73' title='bbox 1862 2022 2077 2095; x_wconf 91' lang='lat' dir='ltr'>atque</span> <span class='ocrx_word' id='word_1_74' title='bbox 2113 2003 2463 2078; x_wconf 87' lang='lat' dir='ltr'>imbribus</span> <span class='ocrx_word' id='word_1_75' title='bbox 2498 2008 2677 2079; x_wconf 90' lang='lat' dir='ltr'>atris.</span> 
     </span>
    </p>

    <p class='ocr_par' dir='ltr' id='par_1_13' title="bbox 828 2119 2662 2221">
     <span class='ocr_line' id='line_1_14' title="bbox 828 2119 2662 2221; baseline 0.002 -29"><span class='ocrx_word' id='word_1_76' title='bbox 828 2122 977 2193; x_wconf 88' lang='lat' dir='ltr'>Has</span> <span class='ocrx_word' id='word_1_77' title='bbox 1017 2120 1196 2192; x_wconf 89' lang='lat' dir='ltr'>inter</span> <span class='ocrx_word' id='word_1_78' title='bbox 1240 2120 1705 2211; x_wconf 89' lang='lat' dir='ltr'>mediamque</span> <span class='ocrx_word' id='word_1_79' title='bbox 1745 2119 1929 2189; x_wconf 89' lang='lat' dir='ltr'>duae</span> <span class='ocrx_word' id='word_1_80' title='bbox 1974 2120 2394 2191; x_wconf 89' lang='lat' dir='ltr'>mortalibus</span> <span class='ocrx_word' id='word_1_81' title='bbox 2442 2123 2662 2221; x_wconf 83' lang='lat' dir='ltr'>aegris</span> 
     </span>
    </p>

    <p class='ocr_par' dir='ltr' id='par_1_14' title="bbox 827 2231 2763 2331">
     <span class='ocr_line' id='line_1_15' title="bbox 827 2231 2763 2331; baseline 0.002 -23"><span class='ocrx_word' id='word_1_82' title='bbox 827 2238 1125 2309; x_wconf 87' lang='lat' dir='ltr'>Munere</span> <span class='ocrx_word' id='word_1_83' title='bbox 1165 2258 1535 2306; x_wconf 87' lang='lat' dir='ltr'>concessae</span> <span class='ocrx_word' id='word_1_84' title='bbox 1575 2231 1843 2305; x_wconf 72' lang='lat' dir='ltr'>divom.</span> <span class='ocrx_word' id='word_1_85' title='bbox 1936 2235 2050 2304; x_wconf 84' lang='lat' dir='ltr'>via</span> <span class='ocrx_word' id='word_1_86' title='bbox 2091 2253 2269 2305; x_wconf 91' lang='lat' dir='ltr'>secta</span> <span class='ocrx_word' id='word_1_87' title='bbox 2310 2261 2439 2330; x_wconf 91' lang='lat' dir='ltr'>per</span> <span class='ocrx_word' id='word_1_88' title='bbox 2473 2239 2763 2331; x_wconf 85' lang='lat' dir='ltr'>ambas,</span> 
     </span>
    </p>

    <p class='ocr_par' dir='ltr' id='par_1_15' title="bbox 828 2351 2510 2447">
     <span class='ocr_line' id='line_1_16' title="bbox 828 2351 2510 2447; baseline 0.001 -24"><span class='ocrx_word' id='word_1_89' title='bbox 828 2352 1200 2444; x_wconf 84' lang='lat' dir='ltr'>Obliquus</span> <span class='ocrx_word' id='word_1_90' title='bbox 1248 2376 1391 2445; x_wconf 91' lang='lat' dir='ltr'>qua</span> <span class='ocrx_word' id='word_1_91' title='bbox 1444 2376 1516 2421; x_wconf 93' lang='lat' dir='ltr'>se</span> <span class='ocrx_word' id='word_1_92' title='bbox 1562 2351 1925 2447; x_wconf 81' lang='lat' dir='ltr'>signorum</span> <span class='ocrx_word' id='word_1_93' title='bbox 1976 2368 2268 2421; x_wconf 85' lang='lat' dir='ltr'>verteret</span> <span class='ocrx_word' id='word_1_94' title='bbox 2312 2351 2510 2424; x_wconf 89' lang='lat' dir='ltr'>ordo.</span> 
     </span>
    </p>

    <p class='ocr_par' dir='ltr' id='par_1_16' title="bbox 827 2465 2907 2560">
     <span class='ocr_line' id='line_1_17' title="bbox 827 2465 2907 2560; baseline 0.005 -22"><span class='ocrx_word' id='word_1_95' title='bbox 827 2467 1148 2538; x_wconf 88' lang='lat' dir='ltr'>Mundus</span> <span class='ocrx_word' id='word_1_96' title='bbox 1172 2520 1192 2555; x_wconf 90' lang='lat'>,</span> <span class='ocrx_word' id='word_1_97' title='bbox 1237 2484 1320 2536; x_wconf 90' lang='lat' dir='ltr'>ut</span> <span class='ocrx_word' id='word_1_98' title='bbox 1358 2466 1448 2537; x_wconf 88' lang='lat' dir='ltr'>ad</span> <span class='ocrx_word' id='word_1_99' title='bbox 1490 2465 1846 2559; x_wconf 90' lang='lat' dir='ltr'>Scythiam</span> <span class='ocrx_word' id='word_1_100' title='bbox 1888 2465 2383 2560; x_wconf 86' lang='lat' dir='ltr'>Rhipaeasque</span> <span class='ocrx_word' id='word_1_101' title='bbox 2425 2470 2680 2544; x_wconf 91' lang='lat' dir='ltr'>arduus</span> <span class='ocrx_word' id='word_1_102' title='bbox 2720 2499 2907 2548; x_wconf 87' lang='lat' dir='ltr'>arces</span> 
     </span>
    </p>

    <p class='ocr_par' dir='ltr' id='par_1_17' title="bbox 829 2580 2773 2677">
     <span class='ocr_line' id='line_1_18' title="bbox 829 2580 2773 2677; baseline 0.006 -26"><span class='ocrx_word' id='word_1_103' title='bbox 829 2582 1259 2677; x_wconf 86' lang='lat' dir='ltr'>Consurgit,</span> <span class='ocrx_word' id='word_1_104' title='bbox 1313 2582 1656 2676; x_wconf 84' lang='lat' dir='ltr'>premitur</span> <span class='ocrx_word' id='word_1_105' title='bbox 1697 2580 1963 2675; x_wconf 83' lang='lat' dir='ltr'>Libyae</span> <span class='ocrx_word' id='word_1_106' title='bbox 1999 2582 2308 2653; x_wconf 83' lang='lat' dir='ltr'>devexus</span> <span class='ocrx_word' id='word_1_107' title='bbox 2345 2583 2418 2653; x_wconf 93' lang='lat' dir='ltr'>in</span> <span class='ocrx_word' id='word_1_108' title='bbox 2456 2584 2773 2662; x_wconf 82' lang='lat' dir='ltr'>Austros.</span> 
     </span>
    </p>

    <p class='ocr_par' dir='ltr' id='par_1_18' title="bbox 827 2696 2610 2791">
     <span class='ocr_line' id='line_1_19' title="bbox 827 2696 2610 2791; baseline 0.002 -24"><span class='ocrx_word' id='word_1_109' title='bbox 827 2698 969 2768; x_wconf 92' lang='lat' dir='ltr'>Hic</span> <span class='ocrx_word' id='word_1_110' title='bbox 1007 2716 1244 2768; x_wconf 86' lang='lat' dir='ltr'>vertex</span> <span class='ocrx_word' id='word_1_111' title='bbox 1281 2697 1496 2768; x_wconf 90' lang='lat' dir='ltr'>nobis</span> <span class='ocrx_word' id='word_1_112' title='bbox 1531 2721 1808 2791; x_wconf 88' lang='lat' dir='ltr'>semper</span> <span class='ocrx_word' id='word_1_113' title='bbox 1853 2696 2182 2769; x_wconf 90' lang='lat' dir='ltr'>sublimis</span> <span class='ocrx_word' id='word_1_114' title='bbox 2222 2726 2236 2765; x_wconf 91' lang='lat'><strong>:</strong></span> <span class='ocrx_word' id='word_1_115' title='bbox 2297 2718 2367 2770; x_wconf 90' lang='lat' dir='ltr'>at</span> <span class='ocrx_word' id='word_1_116' title='bbox 2400 2700 2610 2771; x_wconf 88' lang='lat' dir='ltr'>illum</span> 
     </span>
    </p>

    <p class='ocr_par' dir='ltr' id='par_1_19' title="bbox 829 2810 2873 2909">
     <span class='ocr_line' id='line_1_20' title="bbox 829 2810 2873 2909; baseline 0.003 -25"><span class='ocrx_word' id='word_1_117' title='bbox 829 2811 977 2884; x_wconf 89' lang='lat' dir='ltr'>Sub</span> <span class='ocrx_word' id='word_1_118' title='bbox 1024 2812 1332 2908; x_wconf 86' lang='lat' dir='ltr'>pedibus</span> <span class='ocrx_word' id='word_1_119' title='bbox 1368 2810 1540 2907; x_wconf 81' lang='lat' dir='ltr'>Styx</span> <span class='ocrx_word' id='word_1_120' title='bbox 1574 2832 1715 2883; x_wconf 90' lang='lat' dir='ltr'>atra</span> <span class='ocrx_word' id='word_1_121' title='bbox 1749 2812 1945 2884; x_wconf 85' lang='lat' dir='ltr'>videt</span> <span class='ocrx_word' id='word_1_122' title='bbox 1974 2868 1995 2902; x_wconf 83' lang='lat'>‚</span> <span class='ocrx_word' id='word_1_123' title='bbox 2043 2812 2441 2907; x_wconf 89' lang='lat' dir='ltr'>Manesque</span> <span class='ocrx_word' id='word_1_124' title='bbox 2484 2816 2873 2909; x_wconf 85' lang='lat' dir='ltr'>profundi:</span> 
     </span>
    </p>

    <p class='ocr_par' dir='ltr' id='par_1_20' title="bbox 827 2922 2599 3026">
     <span class='ocr_line' id='line_1_21' title="bbox 827 2922 2599 3026; baseline 0.002 -27"><span class='ocrx_word' id='word_1_125' title='bbox 827 2928 1216 2999; x_wconf 82' lang='lat' dir='ltr'>Maxumus</span> <span class='ocrx_word' id='word_1_126' title='bbox 1253 2922 1367 3000; x_wconf 82' lang='lat' dir='ltr'>hic</span> <span class='ocrx_word' id='word_1_127' title='bbox 1406 2926 1598 2998; x_wconf 77' lang='lat' dir='ltr'>flexu</span> <span class='ocrx_word' id='word_1_128' title='bbox 1646 2929 1943 3000; x_wconf 90' lang='lat' dir='ltr'>sinuoso</span> <span class='ocrx_word' id='word_1_129' title='bbox 1993 2928 2290 2999; x_wconf 89' lang='lat' dir='ltr'>elabitur</span> <span class='ocrx_word' id='word_1_130' title='bbox 2326 2928 2599 3026; x_wconf 79' lang='lat' dir='ltr'>Anguis</span> 
     </span>
    </p>

    <p class='ocr_par' dir='ltr' id='par_1_21' title="bbox 829 3042 2853 3144">
     <span class='ocr_line' id='line_1_22' title="bbox 829 3042 2853 3144; baseline 0.006 -33"><span class='ocrx_word' id='word_1_131' title='bbox 829 3043 1118 3137; x_wconf 86' lang='lat' dir='ltr'>Circum</span> <span class='ocrx_word' id='word_1_132' title='bbox 1151 3098 1171 3132; x_wconf 83' lang='lat'>‚</span> <span class='ocrx_word' id='word_1_133' title='bbox 1216 3069 1490 3139; x_wconf 88' lang='lat' dir='ltr'>perque</span> <span class='ocrx_word' id='word_1_134' title='bbox 1531 3044 1709 3117; x_wconf 89' lang='lat' dir='ltr'>duas</span> <span class='ocrx_word' id='word_1_135' title='bbox 1750 3045 1823 3113; x_wconf 91' lang='lat' dir='ltr'>in</span> <span class='ocrx_word' id='word_1_136' title='bbox 1860 3069 2144 3115; x_wconf 87' lang='lat' dir='ltr'>morem</span> <span class='ocrx_word' id='word_1_137' title='bbox 2188 3042 2509 3117; x_wconf 89' lang='lat' dir='ltr'>ssuminis</span> <span class='ocrx_word' id='word_1_138' title='bbox 2548 3047 2797 3124; x_wconf 90' lang='lat' dir='ltr'>Arctos</span> <span class='ocrx_word' id='word_1_139' title='bbox 2826 3100 2853 3144; x_wconf 80' lang='lat'><strong>,</strong></span> 
     </span>
    </p>

    <p class='ocr_par' dir='ltr' id='par_1_22' title="bbox 825 3157 2506 3257">
     <span class='ocr_line' id='line_1_23' title="bbox 825 3157 2506 3257; baseline 0.002 -28"><span class='ocrx_word' id='word_1_140' title='bbox 825 3157 1076 3231; x_wconf 74' lang='lat' dir='ltr'>Arctos</span> <span class='ocrx_word' id='word_1_141' title='bbox 1125 3159 1398 3230; x_wconf 87' lang='lat' dir='ltr'>Oceani</span> <span class='ocrx_word' id='word_1_142' title='bbox 1454 3179 1855 3232; x_wconf 89' lang='lat' dir='ltr'>metuentes</span> <span class='ocrx_word' id='word_1_143' title='bbox 1902 3185 2210 3253; x_wconf 90' lang='lat' dir='ltr'>aequore</span> <span class='ocrx_word' id='word_1_144' title='bbox 2255 3160 2506 3257; x_wconf 86' lang='lat' dir='ltr'>tingui.</span> 
     </span>
    </p>

    <p class='ocr_par' dir='ltr' id='par_1_23' title="bbox 830 3274 2705 3369">
     <span class='ocr_line' id='line_1_24' title="bbox 830 3274 2705 3369; baseline 0.005 -26"><span class='ocrx_word' id='word_1_145' title='bbox 830 3275 991 3344; x_wconf 90' lang='lat' dir='ltr'>Illic</span> <span class='ocrx_word' id='word_1_146' title='bbox 1025 3328 1045 3362; x_wconf 83' lang='lat'>‚</span> <span class='ocrx_word' id='word_1_147' title='bbox 1103 3292 1186 3342; x_wconf 93' lang='lat' dir='ltr'>ut</span> <span class='ocrx_word' id='word_1_148' title='bbox 1230 3274 1606 3367; x_wconf 83' lang='lat' dir='ltr'>perhibent</span> <span class='ocrx_word' id='word_1_149' title='bbox 1637 3329 1657 3363; x_wconf 87' lang='lat'>,</span> <span class='ocrx_word' id='word_1_150' title='bbox 1707 3294 1828 3345; x_wconf 92' lang='lat' dir='ltr'>aut</span> <span class='ocrx_word' id='word_1_151' title='bbox 1867 3278 2295 3369; x_wconf 84' lang='lat' dir='ltr'>intempesta</span> <span class='ocrx_word' id='word_1_152' title='bbox 2346 3278 2506 3350; x_wconf 86' lang='lat' dir='ltr'>silet</span> <span class='ocrx_word' id='word_1_153' title='bbox 2551 3304 2705 3353; x_wconf 84' lang='lat' dir='ltr'>nox</span> 
     </span>
    </p>

    <p class='ocr_par' dir='ltr' id='par_1_24' title="bbox 827 3386 2737 3481">
     <span class='ocr_line' id='line_1_25' title="bbox 827 3386 2737 3481; baseline 0.006 -25"><span class='ocrx_word' id='word_1_154' title='bbox 827 3386 1122 3481; x_wconf 86' lang='lat' dir='ltr'>Semper</span> <span class='ocrx_word' id='word_1_155' title='bbox 1148 3440 1169 3474; x_wconf 87' lang='lat'>‚</span> <span class='ocrx_word' id='word_1_156' title='bbox 1228 3404 1298 3457; x_wconf 94' lang='lat' dir='ltr'>et</span> <span class='ocrx_word' id='word_1_157' title='bbox 1344 3387 1636 3459; x_wconf 89' lang='lat' dir='ltr'>obtenta</span> <span class='ocrx_word' id='word_1_158' title='bbox 1678 3388 2062 3460; x_wconf 89' lang='lat' dir='ltr'>densentur</span> <span class='ocrx_word' id='word_1_159' title='bbox 2108 3411 2319 3463; x_wconf 92' lang='lat' dir='ltr'>nocte</span> <span class='ocrx_word' id='word_1_160' title='bbox 2359 3392 2687 3467; x_wconf 86' lang='lat' dir='ltr'>tenebrae</span> <span class='ocrx_word' id='word_1_161' title='bbox 2722 3427 2737 3468; x_wconf 74' lang='lat' dir='ltr'><em>z</em></span> 
     </span>
    </p>

    <p class='ocr_par' dir='ltr' id='par_1_25' title="bbox 829 3500 2600 3601">
     <span class='ocr_line' id='line_1_26' title="bbox 829 3500 2600 3601; baseline 0.005 -30"><span class='ocrx_word' id='word_1_162' title='bbox 829 3500 972 3572; x_wconf 83' lang='lat' dir='ltr'>Aut</span> <span class='ocrx_word' id='word_1_163' title='bbox 1011 3500 1192 3571; x_wconf 90' lang='lat' dir='ltr'>redit</span> <span class='ocrx_word' id='word_1_164' title='bbox 1235 3527 1275 3570; x_wconf 91' lang='lat' dir='ltr'>a</span> <span class='ocrx_word' id='word_1_165' title='bbox 1310 3502 1524 3574; x_wconf 91' lang='lat' dir='ltr'>nobis</span> <span class='ocrx_word' id='word_1_166' title='bbox 1568 3502 1870 3592; x_wconf 85' lang='lat' dir='ltr'>Aurora,</span> <span class='ocrx_word' id='word_1_167' title='bbox 1917 3504 2257 3601; x_wconf 87' lang='lat' dir='ltr'>diemque</span> <span class='ocrx_word' id='word_1_168' title='bbox 2300 3507 2600 3582; x_wconf 88' lang='lat' dir='ltr'>reducit:</span> 
     </span>
    </p>

    <p class='ocr_par' dir='ltr' id='par_1_26' title="bbox 817 3612 2913 3723">
     <span class='ocr_line' id='line_1_27' title="bbox 817 3612 2913 3723; baseline 0.009 -38"><span class='ocrx_word' id='word_1_169' title='bbox 817 3612 1131 3709; x_wconf 86' lang='lat' dir='ltr'>Nosque</span> <span class='ocrx_word' id='word_1_170' title='bbox 1182 3614 1310 3685; x_wconf 91' lang='lat' dir='ltr'>ubi</span> <span class='ocrx_word' id='word_1_171' title='bbox 1367 3617 1644 3712; x_wconf 90' lang='lat' dir='ltr'>primus</span> <span class='ocrx_word' id='word_1_172' title='bbox 1695 3620 1899 3711; x_wconf 86' lang='lat' dir='ltr'>equis</span> <span class='ocrx_word' id='word_1_173' title='bbox 1945 3619 2202 3693; x_wconf 89' lang='lat' dir='ltr'>Oriens</span> <span class='ocrx_word' id='word_1_174' title='bbox 2250 3622 2539 3698; x_wconf 88' lang='lat' dir='ltr'>adflavit</span> <span class='ocrx_word' id='word_1_175' title='bbox 2582 3630 2853 3705; x_wconf 89' lang='lat' dir='ltr'>anhelis</span> <span class='ocrx_word' id='word_1_176' title='bbox 2882 3653 2913 3723; x_wconf 73' lang='lat'>,·</span> 
     </span>
    </p>

    <p class='ocr_par' dir='ltr' id='par_1_27' title="bbox 829 3729 2540 3834">
     <span class='ocr_line' id='line_1_28' title="bbox 829 3729 2540 3834; baseline 0.006 -33"><span class='ocrx_word' id='word_1_177' title='bbox 829 3729 988 3801; x_wconf 88' lang='lat' dir='ltr'>Illic</span> <span class='ocrx_word' id='word_1_178' title='bbox 1035 3756 1181 3803; x_wconf 87' lang='lat' dir='ltr'>sera</span> <span class='ocrx_word' id='word_1_179' title='bbox 1232 3731 1493 3804; x_wconf 90' lang='lat' dir='ltr'>rubens</span> <span class='ocrx_word' id='word_1_180' title='bbox 1540 3732 1873 3804; x_wconf 89' lang='lat' dir='ltr'>adcendit</span> <span class='ocrx_word' id='word_1_181' title='bbox 1924 3736 2203 3808; x_wconf 89' lang='lat' dir='ltr'>lumina</span> <span class='ocrx_word' id='word_1_182' title='bbox 2246 3738 2540 3834; x_wconf 86' lang='lat' dir='ltr'>Vesper.</span> 
     </span>
    </p>

    <p class='ocr_par' dir='ltr' id='par_1_28' title="bbox 825 3842 2490 3944">
     <span class='ocr_line' id='line_1_29' title="bbox 825 3842 2490 3944; baseline 0.008 -32"><span class='ocrx_word' id='word_1_183' title='bbox 825 3842 1017 3916; x_wconf 74' lang='lat' dir='ltr'>Hinc</span> <span class='ocrx_word' id='word_1_184' title='bbox 1057 3866 1509 3940; x_wconf 73' lang='lat' dir='ltr'>tempestates</span> <span class='ocrx_word' id='word_1_185' title='bbox 1553 3848 1777 3920; x_wconf 72' lang='lat' dir='ltr'>dubio</span> <span class='ocrx_word' id='word_1_186' title='bbox 1822 3850 2246 3944; x_wconf 72' lang='lat' dir='ltr'>praediscere</span> <span class='ocrx_word' id='word_1_187' title='bbox 2286 3857 2490 3924; x_wconf 71' lang='lat' dir='ltr'>coelo</span> 
     </span>
    </p>
   </div>
  </div>
 </body>
</html>
