3750 6217
400 721 927 841 cuonorcoru
986 735 1047 806 11.
1107 724 1279 815 vome
1370 688 1433 801 ει

235 897 363 972 Felicis
379 900 489 989 mali,
511 924 586 994 quo
605 923 682 969 non
702 902 918 993 praesentius
935 901 1077 988 ullum,

235 1014 372 1088 Pocula
393 1015 423 1088 si
443 1014 590 1110 quando
612 1040 733 1088 saevae
753 1013 902 1086 infecere
921 1038 1091 1086 novercae
1102 1029 1118 1102 ‚'

235 1128 424 1203 Auxilium
444 1132 561 1219 venit,
583 1155 623 1201 ac
640 1128 814 1202 membris
832 1131 904 1227 agit
921 1148 991 1201 atra
1011 1153 1155 1201 venena.

236 1245 321 1341 Ipsa
339 1246 465 1345 ingens
484 1244 607 1335 arbos,
627 1243 828 1338 faciemque
848 1242 1033 1316 simillima
1051 1245 1167 1325 lauro;

235 1360 305 1451 Et,
327 1360 355 1433 si
377 1384 455 1432 non
474 1360 586 1431 alium
606 1361 675 1431 late
690 1360 833 1457 jactaret
853 1358 1025 1448 odorem,

236 1474 372 1548 Laurus
389 1494 461 1547 erat
478 1504 486 1546 r
515 1474 603 1546 folia
619 1474 716 1546 haud
734 1475 818 1546 ullis
836 1474 992 1546 labentia
1009 1474 1140 1546 ventis:

236 1589 323 1663 Flos
342 1589 388 1661 ad
405 1591 522 1685 prima
540 1611 668 1662 tenax:
697 1590 834 1663 animas
853 1608 890 1661 et
910 1589 1043 1662 olentia
1062 1588 1162 1660 Medi

238 1704 311 1777 Ora
330 1703 455 1777 fovent
474 1706 563 1795 illo,
588 1724 624 1778 et
641 1705 784 1779 senibus
800 1704 1024 1777 medicantur
1042 1703 1190 1777 anhelis.

294 1818 363 1893 Sed
381 1845 500 1915 neque
517 1819 730 1917 Medorum,
756 1819 863 1892 silvae
883 1820 1083 1910 ditissima,
1109 1841 1221 1907 terra,

237 1936 313 2009 Nec
332 1936 478 2032 pulcher
498 1934 663 2034 Ganges,
688 1952 796 2029 atque
813 1961 898 2007 auro
919 1935 1083 2008 turbidus
1101 1933 1281 2023 Hermus,

237 2052 422 2124 Laudibus
440 2051 563 2123 ltaliae
582 2069 714 2123 certent
734 2078 742 2119 :
770 2073 848 2123 non
868 2051 1008 2141 Bactra,
1030 2074 1149 2146 neque
1167 2048 1274 2137 lndi,

238 2166 406 2263 Totaque
425 2166 575 2240 turiferis
589 2166 764 2238 Panchaia
782 2167 926 2266 pinguis
946 2168 1068 2239 arenis.

237 2283 334 2355 Haec
354 2285 434 2355 loca
453 2307 530 2353 non
548 2282 636 2355 tauri
655 2282 827 2377 spirantes
846 2283 989 2355 naribus
1008 2283 1131 2381 ignem

238 2398 433 2488 Invertere,
459 2398 541 2471 satis
561 2398 715 2470 inmanis
735 2396 902 2471 dentibus
918 2398 1044 2494 hydri;

238 2512 314 2585 Nec
333 2515 458 2613 galeis,
478 2514 670 2608 densisque
685 2515 803 2584 virbm
824 2538 921 2612 seges
936 2514 1073 2599 horruit
1090 2515 1214 2585 hastis:

237 2627 307 2700 Sed
327 2629 486 2728 gravidae
505 2628 643 2729 fruges,
665 2654 701 2701 et
717 2628 843 2700 Racchi
860 2628 1032 2711 Massicus
1051 2630 1183 2700 humor

239 2742 426 2839 Inplevere
446 2772 453 2813 :
483 2762 608 2817 tenent
627 2746 727 2815 oleae
745 2762 975 2838 armentaque
994 2746 1094 2815 laeta.

237 2856 335 2929 Hinc
352 2858 504 2930 bellator
522 2882 637 2952 equus
654 2882 786 2953 campo
806 2882 880 2930 sese
899 2858 1029 2928 arduus
1047 2856 1167 2928 infert:

238 2971 335 3041 Hinc
351 2971 446 3062 albi,
468 2972 678 3063 Clitumne‚
700 2998 818 3071 greges
827 3026 845 3079 ,Ι
861 2991 897 3049 et
912 2995 1083 3042 maxuma
1101 2954 1221 3041 taurus

238 3084 424 3175 Victima,
447 3111 552 3183 saepe
571 3104 636 3158 tuo
656 3084 790 3182 perfusi
807 3084 959 3157 flumine
978 3109 1097 3175 sacro,

237 3198 428 3273 Romanos
444 3201 491 3272 ad
509 3203 646 3296 templa
664 3202 776 3274 dehm
795 3202 926 3272 duxere
945 3200 1158 3295 triumphos.

238 3311 308 3388 Hic
328 3342 388 3387 ver
403 3317 617 3405 adsiduum,
638 3336 747 3411 atque
766 3318 891 3390 alienis
907 3316 1093 3389 mensibus
1111 3332 1238 3387 aestas:

237 3430 297 3505 Bis
316 3432 479 3530 gravidae
497 3432 675 3527 pecudes,
694 3432 751 3505 bis
767 3432 891 3528 pomis
908 3431 1008 3505 utilis
1026 3431 1141 3505 arbos.

236 3546 286 3619 At
302 3546 443 3619 rabidae
462 3548 566 3646 tigres
583 3548 735 3637 absunt,
757 3566 794 3621 et
812 3572 911 3621 saeva
928 3549 1080 3620 leomun

236 3661 380 3734 Semina
397 3693 405 3742 ;
428 3688 494 3735 nec
513 3663 662 3735 miseros
680 3662 809 3735 fallunt
826 3664 967 3737 aconita
985 3665 1162 3763 legentess

237 3777 313 3848 Nec
331 3778 423 3872 rapit
442 3779 627 3850 inmensos
648 3778 751 3851 orbes
768 3805 832 3873 per
848 3780 1023 3868 humum,
1045 3802 1163 3872 neque
1181 3793 1282 3849 tanto

237 3889 437 3985 Squameus
455 3895 493 3963 in
513 3893 645 3986 spiram
662 3911 774 3966 tractu
793 3919 830 3967 se
847 3893 997 3993 conligit
1016 3893 1150 3992 anguis.

237 4004 343 4078 Adde
362 4025 418 4079 tot
437 4008 589 4106 egregias
605 4007 731 4098 urbes,
754 4033 982 4104 operumque
997 4009 1182 4099 laborem,

237 4121 315 4194 Tot
332 4141 499 4220 congesta
516 4146 628 4193 manu
644 4124 841 4219 praeruptis
861 4124 1000 4220 oppida
1020 4125 1131 4197 saxis:

238 4235 478 4331 Fluminaque
497 4239 667 4332 antiquos
686 4238 961 4312 subterlabentia
979 4264 1113 4313 muros.

236 4348 295 4422 An
315 4378 438 4443 mare,
460 4352 563 4448 quod
583 4377 713 4448 supra,
734 4379 957 4447 memorem,
980 4355 1155 4449 quodque
1167 4356 1288 4428 adluit
1311 4354 1423 4447 infra,

237 4464 342 4537 Anne
360 4469 455 4541 lacus
474 4488 592 4541 tantos
611 4468 628 4539 ?
656 4487 713 4560 te,
740 4468 819 4541 Lari
838 4495 1032 4562 maxume,
1054 4489 1161 4565 teque

237 4580 420 4656 Fluctibus
439 4603 475 4658 et
493 4584 637 4656 fremitu
653 4585 866 4684 adsurgens,
890 4586 1049 4677 Benace,
1070 4587 1243 4659 marino?
