<?xml version="1.0" encoding="UTF-8"?>
<!DOCTYPE html PUBLIC "-//W3C//DTD XHTML 1.0 Transitional//EN"
    "http://www.w3.org/TR/xhtml1/DTD/xhtml1-transitional.dtd">
<html xmlns="http://www.w3.org/1999/xhtml" xml:lang="en" lang="en">
 <head>
  <title>
</title>
<meta http-equiv="Content-Type" content="text/html;charset=utf-8" />
  <meta name='ocr-system' content='tesseract 3.04.00' />
  <meta name='ocr-capabilities' content='ocr_page ocr_carea ocr_par ocr_line ocrx_word'/>
</head>
<body>
  <div class='ocr_page' id='page_1' title='image "./publiivirgiliim00brungoog_0303.png"; bbox 0 0 3750 6217; ppageno 0'>
   <div class='ocr_carea' id='block_1_1' title="bbox 377 625 1403 762">
    <p class='ocr_par' dir='ltr' id='par_1_1' title="bbox 377 625 1403 762">
     <span class='ocr_line' id='line_1_1' title="bbox 377 625 1403 762; baseline -0.014 0"><span class='ocrx_word' id='word_1_1' title='bbox 377 691 454 762; x_wconf 68' lang='lat' dir='ltr'>an</span> <span class='ocrx_word' id='word_1_2' title='bbox 548 625 1403 758; x_wconf 61' lang='lat' dir='ltr'>annrrnosunnv.m</span> 
     </span>
    </p>
   </div>
   <div class='ocr_carea' id='block_1_2' title="bbox 330 841 1610 3712">
    <p class='ocr_par' dir='ltr' id='par_1_2' title="bbox 330 841 1610 3712">
     <span class='ocr_line' id='line_1_2' title="bbox 373 841 1369 954; baseline -0.012 -28"><span class='ocrx_word' id='word_1_3' title='bbox 373 852 568 954; x_wconf 84' lang='lat' dir='ltr'>Persolves.</span> <span class='ocrx_word' id='word_1_4' title='bbox 604 875 671 950; x_wconf 83' lang='lat' dir='ltr'>ego</span> <span class='ocrx_word' id='word_1_5' title='bbox 693 859 797 938; x_wconf 80' lang='lat' dir='ltr'>sum,</span> <span class='ocrx_word' id='word_1_6' title='bbox 819 848 933 941; x_wconf 89' lang='lat' dir='ltr'>pleno</span> <span class='ocrx_word' id='word_1_7' title='bbox 954 861 1064 940; x_wconf 88' lang='lat' dir='ltr'>quern</span> <span class='ocrx_word' id='word_1_8' title='bbox 1084 842 1235 915; x_wconf 86' lang='lat' dir='ltr'>flumine</span> <span class='ocrx_word' id='word_1_9' title='bbox 1256 841 1369 914; x_wconf 80' lang='lat' dir='ltr'>cernis</span> 
     </span>
     <span class='ocr_line' id='line_1_3' title="bbox 374 962 1302 1065; baseline -0.014 -25"><span class='ocrx_word' id='word_1_10' title='bbox 374 967 611 1065; x_wconf 89' lang='lat' dir='ltr'>Stringentem</span> <span class='ocrx_word' id='word_1_11' title='bbox 630 967 746 1059; x_wconf 85' lang='lat' dir='ltr'>ripas,</span> <span class='ocrx_word' id='word_1_12' title='bbox 766 983 801 1035; x_wconf 89' lang='lat' dir='ltr'>et</span> <span class='ocrx_word' id='word_1_13' title='bbox 817 963 966 1061; x_wconf 81' lang='lat' dir='ltr'>pinguia</span> <span class='ocrx_word' id='word_1_14' title='bbox 985 962 1079 1032; x_wconf 89' lang='lat' dir='ltr'>culta</span> <span class='ocrx_word' id='word_1_15' title='bbox 1100 976 1302 1047; x_wconf 75' lang='lat' dir='ltr'>secantem,</span> 
     </span>
     <span class='ocr_line' id='line_1_4' title="bbox 375 1073 1388 1180; baseline -0.008 -27"><span class='ocrx_word' id='word_1_16' title='bbox 375 1083 567 1178; x_wconf 83' lang='lat' dir='ltr'>Caeruleus</span> <span class='ocrx_word' id='word_1_17' title='bbox 585 1080 760 1174; x_wconf 85' lang='lat' dir='ltr'>Thybris,</span> <span class='ocrx_word' id='word_1_18' title='bbox 782 1079 887 1151; x_wconf 89' lang='lat' dir='ltr'>coelo</span> <span class='ocrx_word' id='word_1_19' title='bbox 903 1077 1120 1176; x_wconf 86' lang='lat' dir='ltr'>gratissimus</span> <span class='ocrx_word' id='word_1_20' title='bbox 1138 1073 1264 1180; x_wconf 78' lang='lat' dir='ltr'>amnis</span> <span class='ocrx_word' id='word_1_21' title='bbox 1386 1157 1388 1167; x_wconf 33' lang='grc' dir='ltr'>Ι</span> 
     </span>
     <span class='ocr_line' id='line_1_5' title="bbox 375 1187 1421 1298; baseline -0.009 -29"><span class='ocrx_word' id='word_1_22' title='bbox 375 1194 447 1269; x_wconf 85' lang='lat' dir='ltr'>Hic</span> <span class='ocrx_word' id='word_1_23' title='bbox 466 1197 557 1268; x_wconf 88' lang='lat' dir='ltr'>mihi</span> <span class='ocrx_word' id='word_1_24' title='bbox 577 1219 707 1294; x_wconf 86' lang='lat' dir='ltr'>magna</span> <span class='ocrx_word' id='word_1_25' title='bbox 724 1188 879 1298; x_wconf 74' lang='lat' dir='ltr'>domus,</span> <span class='ocrx_word' id='word_1_26' title='bbox 903 1192 1006 1264; x_wconf 76' lang='lat' dir='ltr'>&#39;celsis</span> <span class='ocrx_word' id='word_1_27' title='bbox 1025 1206 1135 1285; x_wconf 38' lang='lat' dir='ltr'>caput,</span> <span class='ocrx_word' id='word_1_28' title='bbox 1145 1188 1317 1278; x_wconf 88' lang='lat' dir='ltr'>urbibus,</span> <span class='ocrx_word' id='word_1_29' title='bbox 1338 1187 1421 1260; x_wconf 86' lang='lat' dir='ltr'>exit.</span> 
     </span>
     <span class='ocr_line' id='line_1_6' title="bbox 435 1304 1321 1399; baseline -0.007 -17"><span class='ocrx_word' id='word_1_30' title='bbox 435 1311 557 1399; x_wconf 86' lang='lat' dir='ltr'>Dixit,</span> <span class='ocrx_word' id='word_1_31' title='bbox 576 1307 707 1380; x_wconf 88' lang='lat' dir='ltr'>deinde</span> <span class='ocrx_word' id='word_1_32' title='bbox 727 1310 806 1381; x_wconf 87' lang='lat' dir='ltr'>la&#39;cu</span> <span class='ocrx_word' id='word_1_33' title='bbox 823 1307 971 1380; x_wconf 85' lang='lat' dir='ltr'>Fluvius</span> <span class='ocrx_word' id='word_1_34' title='bbox 989 1310 1026 1380; x_wconf 90' lang='lat' dir='ltr'>se</span> <span class='ocrx_word' id='word_1_35' title='bbox 1045 1304 1210 1378; x_wconf 89' lang='lat' dir='ltr'>condidit</span> <span class='ocrx_word' id='word_1_36' title='bbox 1227 1304 1321 1394; x_wconf 87' lang='lat' dir='ltr'>alto,</span> 
     </span>
     <span class='ocr_line' id='line_1_7' title="bbox 376 1418 1311 1522; baseline -0.01 -22"><span class='ocrx_word' id='word_1_37' title='bbox 376 1429 614 1522; x_wconf 82' lang='lat' dir='ltr'>Itn&#39;apetens.</span> <span class='ocrx_word' id='word_1_38' title='bbox 655 1448 732 1494; x_wconf 86' lang='lat' dir='ltr'>nox</span> <span class='ocrx_word' id='word_1_39' title='bbox 750 1422 897 1495; x_wconf 84' lang='lat' dir='ltr'>Aenean</span> <span class='ocrx_word' id='word_1_40' title='bbox 916 1443 1140 1514; x_wconf 82' lang='lat' dir='ltr'>somnusque</span> <span class='ocrx_word' id='word_1_41' title='bbox 1156 1418 1311 1512; x_wconf 87' lang='lat' dir='ltr'>reliquit.</span> 
     </span>
     <span class='ocr_line' id='line_1_8' title="bbox 377 1535 1211 1640; baseline -0.008 -27"><span class='ocrx_word' id='word_1_42' title='bbox 377 1540 514 1640; x_wconf 84' lang='lat' dir='ltr'>Surgit,</span> <span class='ocrx_word' id='word_1_43' title='bbox 536 1557 591 1630; x_wconf 90' lang='lat' dir='ltr'>et,</span> <span class='ocrx_word' id='word_1_44' title='bbox 613 1539 753 1614; x_wconf 85' lang='lat' dir='ltr'>aetherii</span> <span class='ocrx_word' id='word_1_45' title='bbox 774 1557 936 1634; x_wconf 87' lang='lat' dir='ltr'>spectans</span> <span class='ocrx_word' id='word_1_46' title='bbox 955 1537 1104 1610; x_wconf 84' lang='lat' dir='ltr'>orientia</span> <span class='ocrx_word' id='word_1_47' title='bbox 1124 1535 1211 1607; x_wconf 91' lang='lat' dir='ltr'>solis</span> 
     </span>
     <span class='ocr_line' id='line_1_9' title="bbox 378 1649 1298 1746; baseline -0.005 -18"><span class='ocrx_word' id='word_1_48' title='bbox 378 1656 557 1746; x_wconf 89' lang='lat' dir='ltr'>Lumina,</span> <span class='ocrx_word' id='word_1_49' title='bbox 580 1655 645 1727; x_wconf 90' lang='lat' dir='ltr'>rite</span> <span class='ocrx_word' id='word_1_50' title='bbox 664 1652 757 1726; x_wconf 85' lang='lat' dir='ltr'>cavis</span> <span class='ocrx_word' id='word_1_51' title='bbox 776 1653 912 1724; x_wconf 89' lang='lat' dir='ltr'>undam</span> <span class='ocrx_word' id='word_1_52' title='bbox 930 1651 976 1723; x_wconf 90' lang='lat' dir='ltr'>de</span> <span class='ocrx_word' id='word_1_53' title='bbox 994 1650 1145 1723; x_wconf 83' lang='lat' dir='ltr'>flumine</span> <span class='ocrx_word' id='word_1_54' title='bbox 1164 1649 1298 1746; x_wconf 74' lang='lat' dir='ltr'>palmis</span> 
     </span>
     <span class='ocr_line' id='line_1_10' title="bbox 378 1761 1429 1864; baseline -0.011 -20"><span class='ocrx_word' id='word_1_55' title='bbox 378 1761 555 1860; x_wconf 75' lang='lat' dir='ltr'>Sustulit,</span> <span class='ocrx_word' id='word_1_56' title='bbox 580 1794 622 1841; x_wconf 91' lang='lat' dir='ltr'>ac</span> <span class='ocrx_word' id='word_1_57' title='bbox 638 1770 719 1841; x_wconf 86' lang='lat' dir='ltr'>talis</span> <span class='ocrx_word' id='word_1_58' title='bbox 738 1766 889 1860; x_wconf 83' lang='lat' dir='ltr'>effundit</span> <span class='ocrx_word' id='word_1_59' title='bbox 908 1768 954 1863; x_wconf 83' lang='lat' dir='ltr'>ed</span> <span class='ocrx_word' id='word_1_60' title='bbox 974 1769 1110 1839; x_wconf 76' lang='lat' dir='ltr'>aethera</span> <span class='ocrx_word' id='word_1_61' title='bbox 1127 1789 1256 1838; x_wconf 81' lang='lat' dir='ltr'>voces:</span> <span class='ocrx_word' id='word_1_62' title='bbox 1279 1846 1281 1850; x_wconf 23' lang='lat'>¹</span> <span class='ocrx_word' id='word_1_63' title='bbox 1427 1857 1429 1864; x_wconf 28' lang='grc' dir='ltr'>Ι</span> 
     </span>
     <span class='ocr_line' id='line_1_11' title="bbox 379 1873 1551 1981; baseline -0.002 -23"><span class='ocrx_word' id='word_1_64' title='bbox 379 1887 597 1981; x_wconf 86' lang='lat' dir='ltr'>Nymphae,</span> <span class='ocrx_word' id='word_1_65' title='bbox 617 1884 807 1955; x_wconf 86' lang='lat' dir='ltr'>Laurentes</span> <span class='ocrx_word' id='word_1_66' title='bbox 818 1883 1028 1980; x_wconf 88' lang='lat' dir='ltr'>Nymphae,</span> <span class='ocrx_word' id='word_1_67' title='bbox 1048 1907 1159 1981; x_wconf 88' lang='lat' dir='ltr'>genus</span> <span class='ocrx_word' id='word_1_68' title='bbox 1175 1873 1343 1952; x_wconf 79' lang='lat' dir='ltr'>amnibus¹</span> <span class='ocrx_word' id='word_1_69' title='bbox 1358 1875 1457 1953; x_wconf 77' lang='lat' dir='ltr'>unde</span> <span class='ocrx_word' id='word_1_70' title='bbox 1472 1900 1551 1974; x_wconf 77' lang='lat' dir='ltr'>est,</span> 
     </span>
     <span class='ocr_line' id='line_1_12' title="bbox 330 1997 1418 2100; baseline -0.006 -27"><span class='ocrx_word' id='word_1_71' title='bbox 330 2087 335 2100; x_wconf 62' lang='lat'><em>„</em></span> <span class='ocrx_word' id='word_1_72' title='bbox 381 1999 539 2094; x_wconf 90' lang='lat' dir='ltr'>Tuque,</span> <span class='ocrx_word' id='word_1_73' title='bbox 560 2025 583 2071; x_wconf 95' lang='grc' dir='ltr'>ο</span> <span class='ocrx_word' id='word_1_74' title='bbox 600 1998 737 2093; x_wconf 91' lang='lat' dir='ltr'>Thybri</span> <span class='ocrx_word' id='word_1_75' title='bbox 756 2014 820 2070; x_wconf 88' lang='lat' dir='ltr'>tuo</span> <span class='ocrx_word' id='word_1_76' title='bbox 840 2000 980 2096; x_wconf 90' lang='lat' dir='ltr'>genitor</span> <span class='ocrx_word' id='word_1_77' title='bbox 1000 2015 1084 2070; x_wconf 87' lang='lat' dir='ltr'>cum</span> <span class='ocrx_word' id='word_1_78' title='bbox 1102 1997 1253 2068; x_wconf 88' lang='lat' dir='ltr'>flumine</span> <span class='ocrx_word' id='word_1_79' title='bbox 1273 2013 1418 2086; x_wconf 89' lang='lat' dir='ltr'>sancto,</span> 
     </span>
     <span class='ocr_line' id='line_1_13' title="bbox 382 2110 1260 2209; baseline -0.006 -20"><span class='ocrx_word' id='word_1_80' title='bbox 382 2116 552 2209; x_wconf 89' lang='lat' dir='ltr'>Adcipite</span> <span class='ocrx_word' id='word_1_81' title='bbox 572 2110 740 2201; x_wconf 87' lang='lat' dir='ltr'>Aenean,</span> <span class='ocrx_word' id='word_1_82' title='bbox 761 2131 796 2184; x_wconf 91' lang='lat' dir='ltr'>et</span> <span class='ocrx_word' id='word_1_83' title='bbox 812 2113 959 2186; x_wconf 87' lang='lat' dir='ltr'>tandem</span> <span class='ocrx_word' id='word_1_84' title='bbox 981 2131 1091 2186; x_wconf 86' lang='lat' dir='ltr'>arcete</span> <span class='ocrx_word' id='word_1_85' title='bbox 1110 2112 1260 2209; x_wconf 86' lang='lat' dir='ltr'>periclis.</span> 
     </span>
     <span class='ocr_line' id='line_1_14' title="bbox 382 2225 1503 2336; baseline -0.001 -35"><span class='ocrx_word' id='word_1_86' title='bbox 382 2230 472 2336; x_wconf 82' lang='lat' dir='ltr'>Quo</span> <span class='ocrx_word' id='word_1_87' title='bbox 492 2247 527 2300; x_wconf 90' lang='lat' dir='ltr'>te</span> <span class='ocrx_word' id='word_1_88' title='bbox 548 2239 705 2320; x_wconf 85' lang='lat' dir='ltr'>cumque</span> <span class='ocrx_word' id='word_1_89' title='bbox 724 2230 839 2314; x_wconf 76' lang='lat' dir='ltr'>lacus,</span> <span class='ocrx_word' id='word_1_90' title='bbox 859 2228 1087 2302; x_wconf 89' lang='lat' dir='ltr'>miserantem</span> <span class='ocrx_word' id='word_1_91' title='bbox 1101 2225 1342 2318; x_wconf 32' lang='lat' dir='ltr'>,incommoda¹</span> <span class='ocrx_word' id='word_1_92' title='bbox 1358 2244 1503 2320; x_wconf 85' lang='lat' dir='ltr'>nostra,</span> 
     </span>
     <span class='ocr_line' id='line_1_15' title="bbox 381 2337 1385 2441; baseline -0.002 -24"><span class='ocrx_word' id='word_1_93' title='bbox 381 2337 500 2417; x_wconf 82' lang='lat' dir='ltr'>Fonte</span> <span class='ocrx_word' id='word_1_94' title='bbox 518 2361 635 2433; x_wconf 90' lang='lat' dir='ltr'>tenet,</span> <span class='ocrx_word' id='word_1_95' title='bbox 658 2367 894 2437; x_wconf 90' lang='lat' dir='ltr'>quocumque</span> <span class='ocrx_word' id='word_1_96' title='bbox 913 2348 993 2417; x_wconf 92' lang='lat' dir='ltr'>solo</span> <span class='ocrx_word' id='word_1_97' title='bbox 1013 2344 1271 2441; x_wconf 84' lang='lat' dir='ltr'>pulcherrimus</span> <span class='ocrx_word' id='word_1_98' title='bbox 1290 2343 1385 2423; x_wconf 72' lang='lat' dir='ltr'>exies</span> 
     </span>
     <span class='ocr_line' id='line_1_16' title="bbox 383 2452 1355 2554; baseline 0 -25"><span class='ocrx_word' id='word_1_99' title='bbox 383 2452 533 2554; x_wconf 88' lang='lat' dir='ltr'>Semper</span> <span class='ocrx_word' id='word_1_100' title='bbox 549 2460 688 2550; x_wconf 83' lang='lat' dir='ltr'>honore</span> <span class='ocrx_word' id='word_1_101' title='bbox 707 2483 810 2548; x_wconf 89' lang='lat' dir='ltr'>me0,</span> <span class='ocrx_word' id='word_1_102' title='bbox 834 2483 975 2554; x_wconf 77' lang='lat' dir='ltr'>semper</span> <span class='ocrx_word' id='word_1_103' title='bbox 992 2460 1209 2532; x_wconf 79' lang='lat' dir='ltr'>celebrabere</span> <span class='ocrx_word' id='word_1_104' title='bbox 1230 2459 1355 2548; x_wconf 90' lang='lat' dir='ltr'>donis,-</span> 
     </span>
     <span class='ocr_line' id='line_1_17' title="bbox 384 2573 1340 2678; baseline 0 -34"><span class='ocrx_word' id='word_1_105' title='bbox 384 2575 557 2678; x_wconf 71' lang='lat' dir='ltr'>Comiget</span> <span class='ocrx_word' id='word_1_106' title='bbox 576 2573 816 2668; x_wconf 87' lang='lat' dir='ltr'>Hesperidum</span> <span class='ocrx_word' id='word_1_107' title='bbox 834 2573 963 2647; x_wconf 84' lang='lat' dir='ltr'>fluvius</span> <span class='ocrx_word' id='word_1_108' title='bbox 980 2592 1142 2674; x_wconf 83' lang='lat' dir='ltr'>regnator</span> <span class='ocrx_word' id='word_1_109' title='bbox 1158 2599 1340 2667; x_wconf 86' lang='lat' dir='ltr'>aquamm.</span> 
     </span>
     <span class='ocr_line' id='line_1_18' title="bbox 385 2685 1414 2794; baseline -0.004 -30"><span class='ocrx_word' id='word_1_110' title='bbox 385 2689 492 2764; x_wconf 84' lang='lat' dir='ltr'>Adsis</span> <span class='ocrx_word' id='word_1_111' title='bbox 514 2715 537 2761; x_wconf 95' lang='lat' dir='ltr'>o</span> <span class='ocrx_word' id='word_1_112' title='bbox 557 2707 723 2780; x_wconf 88' lang='lat' dir='ltr'>tantum,</span> <span class='ocrx_word' id='word_1_113' title='bbox 746 2709 781 2761; x_wconf 88' lang='lat' dir='ltr'>et</span> <span class='ocrx_word' id='word_1_114' title='bbox 799 2691 953 2784; x_wconf 87' lang='lat' dir='ltr'>propius</span> <span class='ocrx_word' id='word_1_115' title='bbox 969 2710 1031 2763; x_wconf 92' lang='lat' dir='ltr'>tua</span> <span class='ocrx_word' id='word_1_116' title='bbox 1051 2690 1203 2778; x_wconf 89' lang='lat' dir='ltr'>numina</span> <span class='ocrx_word' id='word_1_117' title='bbox 1219 2685 1346 2794; x_wconf 79' lang='lat' dir='ltr'>firmes.-</span> <span class='ocrx_word' id='word_1_118' title='bbox 1409 2781 1414 2790; x_wconf 32' lang='grc' dir='ltr'>Ι</span> 
     </span>
     <span class='ocr_line' id='line_1_19' title="bbox 442 2803 1461 2904; baseline 0 -27"><span class='ocrx_word' id='word_1_119' title='bbox 442 2803 500 2877; x_wconf 91' lang='lat' dir='ltr'>Sic</span> <span class='ocrx_word' id='word_1_120' title='bbox 519 2821 715 2893; x_wconf 82' lang='lat' dir='ltr'>memorat,</span> <span class='ocrx_word' id='word_1_121' title='bbox 738 2805 970 2902; x_wconf 79' lang='lat' dir='ltr'>geminasque</span> <span class='ocrx_word' id='word_1_122' title='bbox 991 2806 1076 2904; x_wconf 87' lang='lat' dir='ltr'>legit</span> <span class='ocrx_word' id='word_1_123' title='bbox 1096 2806 1141 2876; x_wconf 92' lang='lat' dir='ltr'>de</span> <span class='ocrx_word' id='word_1_124' title='bbox 1161 2805 1269 2894; x_wconf 83' lang='lat' dir='ltr'>classe</span> <span class='ocrx_word' id='word_1_125' title='bbox 1289 2803 1461 2897; x_wconf 88' lang='lat' dir='ltr'>biremis,</span> 
     </span>
     <span class='ocr_line' id='line_1_20' title="bbox 384 2904 1332 3020; baseline -0.002 -28"><span class='ocrx_word' id='word_1_126' title='bbox 384 2904 629 3020; x_wconf 79' lang='lat' dir='ltr'>Remigioque</span> <span class='ocrx_word' id='word_1_127' title='bbox 649 2916 768 3016; x_wconf 90' lang='lat' dir='ltr'>aptat;</span> <span class='ocrx_word' id='word_1_128' title='bbox 794 2919 911 2993; x_wconf 86' lang='lat' dir='ltr'>socios</span> <span class='ocrx_word' id='word_1_129' title='bbox 930 2922 1038 2993; x_wconf 83' lang='lat' dir='ltr'>simul</span> <span class='ocrx_word' id='word_1_130' title='bbox 1058 2921 1197 2992; x_wconf 89' lang='lat' dir='ltr'>instruit</span> <span class='ocrx_word' id='word_1_131' title='bbox 1218 2920 1332 3010; x_wconf 75' lang='lat' dir='ltr'>armis.</span> 
     </span>
     <span class='ocr_line' id='line_1_21' title="bbox 385 3033 1512 3132; baseline 0 -24"><span class='ocrx_word' id='word_1_132' title='bbox 385 3033 476 3109; x_wconf 85' lang='lat' dir='ltr'>Ecce</span> <span class='ocrx_word' id='word_1_133' title='bbox 495 3055 639 3132; x_wconf 80' lang='lat' dir='ltr'>autem,</span> <span class='ocrx_word' id='word_1_134' title='bbox 661 3035 820 3109; x_wconf 83' lang='lat' dir='ltr'>subitum</span> <span class='ocrx_word' id='word_1_135' title='bbox 839 3053 947 3130; x_wconf 86' lang='lat' dir='ltr'>atque</span> <span class='ocrx_word' id='word_1_136' title='bbox 968 3037 1081 3108; x_wconf 91' lang='lat' dir='ltr'>oculis</span> <span class='ocrx_word' id='word_1_137' title='bbox 1099 3034 1260 3129; x_wconf 84' lang='lat' dir='ltr'>mirabile</span> <span class='ocrx_word' id='word_1_138' title='bbox 1280 3047 1512 3130; x_wconf 75' lang='lat' dir='ltr'>monstruni,</span> 
     </span>
     <span class='ocr_line' id='line_1_22' title="bbox 387 3150 1269 3238; baseline 0 -17"><span class='ocrx_word' id='word_1_139' title='bbox 387 3151 552 3223; x_wconf 84' lang='lat' dir='ltr'>Candida</span> <span class='ocrx_word' id='word_1_140' title='bbox 568 3169 632 3238; x_wconf 83' lang='lat' dir='ltr'>pe&#39;r</span> <span class='ocrx_word' id='word_1_141' title='bbox 651 3151 776 3222; x_wconf 92' lang='lat' dir='ltr'>silvam</span> <span class='ocrx_word' id='word_1_142' title='bbox 797 3173 879 3222; x_wconf 91' lang='lat' dir='ltr'>curn</span> <span class='ocrx_word' id='word_1_143' title='bbox 899 3150 973 3222; x_wconf 87' lang='lat' dir='ltr'>fetu</span> <span class='ocrx_word' id='word_1_144' title='bbox 994 3154 1166 3223; x_wconf 88' lang='lat' dir='ltr'>concolor</span> <span class='ocrx_word' id='word_1_145' title='bbox 1184 3150 1269 3221; x_wconf 91' lang='lat' dir='ltr'>albo</span> 
     </span>
     <span class='ocr_line' id='line_1_23' title="bbox 387 3251 1327 3362; baseline 0 -26"><span class='ocrx_word' id='word_1_146' title='bbox 387 3251 604 3353; x_wconf 81' lang='lat' dir='ltr'>Procubuit,</span> <span class='ocrx_word' id='word_1_147' title='bbox 625 3265 802 3359; x_wconf 90' lang='lat' dir='ltr'>viridique</span> <span class='ocrx_word' id='word_1_148' title='bbox 822 3265 859 3358; x_wconf 87' lang='lat' dir='ltr'>in</span> <span class='ocrx_word' id='word_1_149' title='bbox 880 3267 983 3338; x_wconf 90' lang='lat' dir='ltr'>litore</span> <span class='ocrx_word' id='word_1_150' title='bbox 1004 3265 1222 3361; x_wconf 85' lang='lat' dir='ltr'>conspicitur</span> <span class='ocrx_word' id='word_1_151' title='bbox 1242 3291 1300 3339; x_wconf 89' lang='lat' dir='ltr'>sus</span> <span class='ocrx_word' id='word_1_152' title='bbox 1313 3286 1327 3362; x_wconf 71' lang='lat'>².</span> 
     </span>
     <span class='ocr_line' id='line_1_24' title="bbox 389 3379 1432 3483; baseline 0.004 -35"><span class='ocrx_word' id='word_1_153' title='bbox 389 3380 514 3483; x_wconf 80' lang='lat' dir='ltr'>Quam</span> <span class='ocrx_word' id='word_1_154' title='bbox 533 3381 616 3474; x_wconf 92' lang='lat' dir='ltr'>pius</span> <span class='ocrx_word' id='word_1_155' title='bbox 634 3379 770 3473; x_wconf 89' lang='lat' dir='ltr'>Aeneas</span> <span class='ocrx_word' id='word_1_156' title='bbox 791 3381 855 3450; x_wconf 89' lang='lat' dir='ltr'>tibi</span> <span class='ocrx_word' id='word_1_157' title='bbox 874 3382 995 3473; x_wconf 91' lang='lat' dir='ltr'>enim,</span> <span class='ocrx_word' id='word_1_158' title='bbox 1015 3382 1104 3472; x_wconf 92' lang='lat' dir='ltr'>tibi,</span> <span class='ocrx_word' id='word_1_159' title='bbox 1123 3399 1295 3477; x_wconf 86' lang='lat' dir='ltr'>maxuma</span> <span class='ocrx_word' id='word_1_160' title='bbox 1308 3381 1432 3473; x_wconf 88' lang='lat' dir='ltr'>Juno,</span> 
     </span>
     <span class='ocr_line' id='line_1_25' title="bbox 388 3487 1387 3596; baseline 0.002 -32"><span class='ocrx_word' id='word_1_161' title='bbox 388 3487 539 3583; x_wconf 87' lang='lat' dir='ltr'>Mactat,</span> <span class='ocrx_word' id='word_1_162' title='bbox 559 3508 652 3568; x_wconf 84' lang='lat' dir='ltr'>sacra</span> <span class='ocrx_word' id='word_1_163' title='bbox 673 3493 806 3584; x_wconf 85' lang='lat' dir='ltr'>ferens,</span> <span class='ocrx_word' id='word_1_164' title='bbox 828 3514 966 3567; x_wconf 84' lang='lat' dir='ltr'>etcum</span> <span class='ocrx_word' id='word_1_165' title='bbox 985 3523 1086 3596; x_wconf 83' lang='lat' dir='ltr'>grege</span> <span class='ocrx_word' id='word_1_166' title='bbox 1107 3498 1197 3570; x_wconf 92' lang='lat' dir='ltr'>sistit</span> <span class='ocrx_word' id='word_1_167' title='bbox 1216 3494 1261 3567; x_wconf 92' lang='lat' dir='ltr'>ad</span> <span class='ocrx_word' id='word_1_168' title='bbox 1282 3522 1387 3567; x_wconf 89' lang='lat' dir='ltr'>aram.</span> 
     </span>
     <span class='ocr_line' id='line_1_26' title="bbox 389 3605 1610 3712; baseline 0.007 -33"><span class='ocrx_word' id='word_1_169' title='bbox 389 3605 544 3704; x_wconf 59' lang='lat' dir='ltr'>Hybrls</span> <span class='ocrx_word' id='word_1_170' title='bbox 565 3634 605 3679; x_wconf 87' lang='lat' dir='ltr'>ea</span> <span class='ocrx_word' id='word_1_171' title='bbox 623 3608 791 3697; x_wconf 82' lang='lat' dir='ltr'>fluvium,</span> <span class='ocrx_word' id='word_1_172' title='bbox 815 3636 924 3704; x_wconf 91' lang='lat' dir='ltr'>quam</span> <span class='ocrx_word' id='word_1_173' title='bbox 946 3615 1053 3712; x_wconf 89' lang='lat' dir='ltr'>longa</span> <span class='ocrx_word' id='word_1_174' title='bbox 1072 3633 1141 3701; x_wconf 90' lang='lat' dir='ltr'>est,</span> <span class='ocrx_word' id='word_1_175' title='bbox 1162 3631 1269 3711; x_wconf 91' lang='lat' dir='ltr'>nocte</span> <span class='ocrx_word' id='word_1_176' title='bbox 1288 3630 1492 3686; x_wconf 89' lang='lat' dir='ltr'>tumentem</span> <span class='ocrx_word' id='word_1_177' title='bbox 1608 3638 1610 3641; x_wconf 86' lang='grc'><strong><em>·</em></strong></span> 
     </span>
    </p>
   </div>
   <div class='ocr_carea' id='block_1_3' title="bbox 253 3717 1264 3828">
    <p class='ocr_par' dir='ltr' id='par_1_3' title="bbox 253 3717 1264 3828">
     <span class='ocr_line' id='line_1_27' title="bbox 253 3717 1264 3828; baseline 0.002 -33"><span class='ocrx_word' id='word_1_178' title='bbox 253 3717 257 3728; x_wconf 75' lang='grc'><strong>’</strong></span> <span class='ocrx_word' id='word_1_179' title='bbox 314 3807 327 3828; x_wconf 33' lang='lat' dir='ltr'>x</span> <span class='ocrx_word' id='word_1_180' title='bbox 390 3725 536 3816; x_wconf 80' lang='lat' dir='ltr'>Leniit,</span> <span class='ocrx_word' id='word_1_181' title='bbox 558 3744 594 3797; x_wconf 88' lang='lat' dir='ltr'>et</span> <span class='ocrx_word' id='word_1_182' title='bbox 612 3725 716 3796; x_wconf 88' lang='lat' dir='ltr'>tacita</span> <span class='ocrx_word' id='word_1_183' title='bbox 734 3724 883 3798; x_wconf 87' lang='lat' dir='ltr'>refluens</span> <span class='ocrx_word' id='word_1_184' title='bbox 903 3727 952 3797; x_wconf 87' lang='lat' dir='ltr'>ita</span> <span class='ocrx_word' id='word_1_185' title='bbox 972 3726 1126 3800; x_wconf 90' lang='lat' dir='ltr'>substitit</span> <span class='ocrx_word' id='word_1_186' title='bbox 1144 3728 1264 3815; x_wconf 90' lang='lat' dir='ltr'>unda,</span> 
     </span>
    </p>
   </div>
   <div class='ocr_carea' id='block_1_4' title="bbox 390 3830 1396 4281">
    <p class='ocr_par' dir='ltr' id='par_1_4' title="bbox 390 3830 1396 4281">
     <span class='ocr_line' id='line_1_28' title="bbox 390 3830 1308 3939; baseline 0.005 -29"><span class='ocrx_word' id='word_1_187' title='bbox 390 3830 491 3914; x_wconf 87' lang='lat' dir='ltr'>Mitis</span> <span class='ocrx_word' id='word_1_188' title='bbox 509 3861 550 3914; x_wconf 92' lang='lat' dir='ltr'>ut</span> <span class='ocrx_word' id='word_1_189' title='bbox 568 3842 606 3912; x_wconf 91' lang='lat' dir='ltr'>in</span> <span class='ocrx_word' id='word_1_190' title='bbox 623 3865 764 3912; x_wconf 89' lang='lat' dir='ltr'>morem</span> <span class='ocrx_word' id='word_1_191' title='bbox 785 3843 895 3939; x_wconf 89' lang='lat' dir='ltr'>stagni</span> <span class='ocrx_word' id='word_1_192' title='bbox 913 3843 1146 3937; x_wconf 88' lang='lat' dir='ltr'>placidaeque</span> <span class='ocrx_word' id='word_1_193' title='bbox 1164 3844 1308 3936; x_wconf 89' lang='lat' dir='ltr'>paludis</span> 
     </span>
     <span class='ocr_line' id='line_1_29' title="bbox 391 3953 1396 4049; baseline 0.006 -23"><span class='ocrx_word' id='word_1_194' title='bbox 391 3953 563 4027; x_wconf 86' lang='lat' dir='ltr'>Sterneret</span> <span class='ocrx_word' id='word_1_195' title='bbox 578 3981 712 4048; x_wconf 90' lang='lat' dir='ltr'>aequor</span> <span class='ocrx_word' id='word_1_196' title='bbox 731 3956 855 4049; x_wconf 90' lang='lat' dir='ltr'>aquis,</span> <span class='ocrx_word' id='word_1_197' title='bbox 875 3979 976 4029; x_wconf 91' lang='lat' dir='ltr'>remo</span> <span class='ocrx_word' id='word_1_198' title='bbox 994 3978 1035 4030; x_wconf 94' lang='lat' dir='ltr'>ut</span> <span class='ocrx_word' id='word_1_199' title='bbox 1054 3960 1232 4030; x_wconf 90' lang='lat' dir='ltr'>luctamen</span> <span class='ocrx_word' id='word_1_200' title='bbox 1250 3959 1396 4033; x_wconf 87' lang='lat' dir='ltr'>abesset.</span> 
     </span>
     <span class='ocr_line' id='line_1_30' title="bbox 390 4069 1310 4167; baseline 0.002 -27"><span class='ocrx_word' id='word_1_201' title='bbox 390 4069 485 4167; x_wconf 88' lang='lat' dir='ltr'>Ergo</span> <span class='ocrx_word' id='word_1_202' title='bbox 504 4072 568 4142; x_wconf 89' lang='lat' dir='ltr'>iter</span> <span class='ocrx_word' id='word_1_203' title='bbox 587 4072 773 4163; x_wconf 89' lang='lat' dir='ltr'>inceptum</span> <span class='ocrx_word' id='word_1_204' title='bbox 794 4074 948 4144; x_wconf 81' lang='lat' dir='ltr'>celerant</span> <span class='ocrx_word' id='word_1_205' title='bbox 964 4094 1107 4143; x_wconf 88' lang='lat' dir='ltr'>rumore</span> <span class='ocrx_word' id='word_1_206' title='bbox 1128 4074 1310 4145; x_wconf 86' lang='lat' dir='ltr'>secundo:</span> 
     </span>
     <span class='ocr_line' id='line_1_31' title="bbox 392 4180 1341 4281; baseline 0.005 -26"><span class='ocrx_word' id='word_1_207' title='bbox 392 4180 541 4256; x_wconf 86' lang='lat' dir='ltr'>Labitur</span> <span class='ocrx_word' id='word_1_208' title='bbox 559 4205 664 4256; x_wconf 89' lang='lat' dir='ltr'>uncta</span> <span class='ocrx_word' id='word_1_209' title='bbox 683 4187 783 4257; x_wconf 88' lang='lat' dir='ltr'>vadis</span> <span class='ocrx_word' id='word_1_210' title='bbox 802 4186 898 4258; x_wconf 88' lang='lat' dir='ltr'>abies</span> <span class='ocrx_word' id='word_1_211' title='bbox 918 4215 925 4256; x_wconf 78' lang='lat' dir='ltr'>r</span> <span class='ocrx_word' id='word_1_212' title='bbox 956 4191 1128 4260; x_wconf 90' lang='lat' dir='ltr'>mirantur</span> <span class='ocrx_word' id='word_1_213' title='bbox 1148 4209 1183 4260; x_wconf 90' lang='lat' dir='ltr'>et</span> <span class='ocrx_word' id='word_1_214' title='bbox 1200 4190 1341 4281; x_wconf 89' lang='lat' dir='ltr'>undae,</span> 
     </span>
    </p>
   </div>
   <div class='ocr_carea' id='block_1_5' title="bbox 391 4296 1300 4632">
    <p class='ocr_par' dir='ltr' id='par_1_5' title="bbox 391 4296 1300 4632">
     <span class='ocr_line' id='line_1_32' title="bbox 391 4296 1207 4402; baseline 0.007 -35"><span class='ocrx_word' id='word_1_215' title='bbox 391 4296 540 4370; x_wconf 90' lang='lat' dir='ltr'>Miratur</span> <span class='ocrx_word' id='word_1_216' title='bbox 558 4314 687 4372; x_wconf 87' lang='lat' dir='ltr'>nemus</span> <span class='ocrx_word' id='word_1_217' title='bbox 707 4302 887 4373; x_wconf 83' lang='lat' dir='ltr'>insuetum</span> <span class='ocrx_word' id='word_1_218' title='bbox 908 4302 1079 4402; x_wconf 88' lang='lat' dir='ltr'>fulgentia</span> <span class='ocrx_word' id='word_1_219' title='bbox 1098 4306 1207 4401; x_wconf 91' lang='lat' dir='ltr'>longe</span> 
     </span>
     <span class='ocr_line' id='line_1_33' title="bbox 393 4413 1300 4512; baseline 0.01 -29"><span class='ocrx_word' id='word_1_220' title='bbox 393 4413 498 4486; x_wconf 89' lang='lat' dir='ltr'>Scuta</span> <span class='ocrx_word' id='word_1_221' title='bbox 515 4416 657 4504; x_wconf 77' lang='lat' dir='ltr'>virum,</span> <span class='ocrx_word' id='word_1_222' title='bbox 679 4415 792 4486; x_wconf 90' lang='lat' dir='ltr'>fluvio</span> <span class='ocrx_word' id='word_1_223' title='bbox 811 4418 1000 4512; x_wconf 87' lang='lat' dir='ltr'>pictasque</span> <span class='ocrx_word' id='word_1_224' title='bbox 1021 4421 1140 4492; x_wconf 91' lang='lat' dir='ltr'>innare</span> <span class='ocrx_word' id='word_1_225' title='bbox 1161 4420 1300 4491; x_wconf 89' lang='lat' dir='ltr'>carinas.</span> 
     </span>
     <span class='ocr_line' id='line_1_34' title="bbox 392 4529 1260 4632; baseline 0.006 -32"><span class='ocrx_word' id='word_1_226' title='bbox 392 4529 470 4600; x_wconf 92' lang='lat' dir='ltr'>Olli</span> <span class='ocrx_word' id='word_1_227' title='bbox 489 4531 640 4631; x_wconf 85' lang='lat' dir='ltr'>remigio</span> <span class='ocrx_word' id='word_1_228' title='bbox 660 4550 880 4626; x_wconf 89' lang='lat' dir='ltr'>noctemque</span> <span class='ocrx_word' id='word_1_229' title='bbox 901 4531 1072 4628; x_wconf 86' lang='lat' dir='ltr'>diemque</span> <span class='ocrx_word' id='word_1_230' title='bbox 1094 4533 1260 4632; x_wconf 87' lang='lat' dir='ltr'>fatigant,</span> 
     </span>
    </p>
   </div>
   <div class='ocr_carea' id='block_1_6' title="bbox 0 0 1916 6212">
    <p class='ocr_par' dir='ltr' id='par_1_6' title="bbox 0 0 1916 6212">
     <span class='ocr_line' id='line_1_35' title="bbox 0 0 1916 6212; baseline 0 0"><span class='ocrx_word' id='word_1_231' title='bbox 0 0 1916 6212; x_wconf 95' lang='lat' dir='ltr'> </span> 
     </span>
    </p>
   </div>
  </div>
 </body>
</html>
