3750 6217
530 752 980 832 naunrnos
1037 758 1085 832 >t
1144 783 1178 830 v.
1232 758 1325 833 aas.
1462 756 1544 867 ,3⁶¹

333 917 426 992 Inde
445 920 509 990 ubi
529 924 585 993 tot
601 923 746 994 traxisse·
764 924 904 1014 inoral,
931 927 987 995 tot
1004 924 1142 1019 spicula
1159 923 1279 995 laedet
1437 935 1446 965 ⁸

333 1033 497 1124 Vellere,
517 1054 552 1107 et
572 1055 715 1134 urgetur
735 1063 855 1136 pugna
873 1062 1081 1136 congressus
1101 1038 1248 1132 iniqua;

333 1145 450 1222 Multa
468 1175 620 1222 movens
640 1153 790 1243 animo,
807 1156 883 1251 jam
901 1154 1046 1224 tandem
1068 1155 1243 1247 erumpit,
1272 1168 1308 1222 et
1325 1152 1416 1224 inter

335 1261 523 1337 Bellatoris
542 1267 626 1359 equi
642 1292 726 1338 cava
743 1287 907 1362 tempora
925 1269 1072 1366 conjicit
1088 1267 1236 1338 ὴεεῐυηι

333 1376 452 1450 Tollit
472 1404 508 1452 se
526 1366 709 1453 adrectum
730 1382 956 1476 quadrupes,
979 1400 1015 1453 et
1034 1362 1190 1453 calcibus
1207 1405 1306 1452 auras

334 1491 528 1583 Verberat,
552 1494 780 1588 effusumque
800 1498 961 1589 equitem
979 1521 1087 1590 super
1106 1496 1184 1590 ipse
1205 1514 1346 1568 secutus

334 1607 515 1702 inplicat,
536 1612 724 1707 ejectoque
742 1592 921 1681 incumbit
942 1634 1091 1682 cernuus
1109 1630 1220 1681 anno.

334 1720 504 1793 Clamdl'e
524 1723 724 1796 incendunt
740 1727 888 1795 coelum
906 1724 1112 1818 Troesque,
1131 1722 1334 1818 Latinique.
1366 1770 1378 1787 =

333 1834 493 1908 Advolat
511 1836 671 1926 Aeneas,
694 1839 893 1936 vaginaque
914 1840 1019 1934 eripit
1037 1847 1184 1929 ensem,

333 1950 380 2023 Et
397 1976 504 2045 super
523 1951 608 2023 haec
630 1980 638 2019 ε
668 1951 740 2022 Ubi
758 1977 856 2024 nunc
873 1953 1071 2024 Mezentius
1086 1977 1179 2042 acer,
1198 1969 1234 2023 et
1251 1953 1313 2022 illa

332 2063 445 2136 Effera
464 2067 518 2138 vis
538 2066 650 2136 animi
671 2067 687 2137 Ρ
717 2087 838 2138 contra
859 2067 1088 2162 Tyrrhenus,
1111 2085 1151 2137 ut
1169 2077 1268 2137 auras

333 2176 540 2274 Suspiciens
560 2182 676 2254 hausit
690 2185 858 2270 coelum,
882 2201 1119 2276 mentemque
1137 2181 1292 2276 recepit:

333 2292 459 2367 Hostis
477 2313 610 2384 amare,
637 2296 727 2388 quid
746 2298 958 2390 increpitas,
980 2315 1210 2388 mortemque
1229 2293 1407 2366 minaris?

333 2407 489 2480 Nullum
508 2411 546 2480 in
567 2410 674 2481 caede
694 2410 802 2481 nefas.
842 2434 908 2480 nec
927 2410 976 2480 sit
996 2409 1041 2478 ad
1061 2411 1198 2503 proelia
1216 2411 1321 2498 verri,

333 2520 410 2597 Nec
429 2542 550 2595 tecum
570 2539 674 2595 meus
691 2525 776 2594 haec
791 2524 931 2621 pepigit
949 2517 1041 2593 mihi
1059 2521 1202 2592 foedera
1222 2522 1367 2594 Lausus.

333 2635 459 2709 Unum
478 2638 570 2727 hoc,
594 2663 679 2733 per,
703 2641 732 2710 si
751 2662 822 2733 qua
843 2656 896 2710 est
913 2638 1015 2708 vittis
1032 2637 1137 2707 venia
1154 2636 1337 2726 hostibus,
1362 2660 1448 2720 0103

333 2747 476 2851 Corpus
496 2751 612 2822 humo
633 2754 764 2846 patiare
779 2753 862 2852 tegi.
906 2753 980 2824 sclo
1001 2750 1126 2822 ac'erba
1145 2757 1312 2822 meorum

332 2862 568 2937 Circumstar'e
588 2867 672 2936 odia
694 2895 701 2936 :
730 2869 853 2957 hunc,
878 2892 966 2955 oro,
992 2865 1148 2937 defende
1167 2861 1347 2936 furorem:

332 2976 378 3050 Et
396 3004 457 3051 me
474 2999 682 3051 consortem
699 2982 774 3054 nati
797 2981 957 3052 concede
977 2979 1152 3073 sepulcro.

331 3092 430 3165 Haec
448 3094 631 3188 loquitur,
647 3095 855 3194 juguloque
871 3094 968 3164 haud
987 3094 1118 3165 inscius
1135 3093 1270 3187 adcipit
1286 3112 1434 3185 ensem,

331 3206 566 3304 Undanthue
584 3208 746 3283 animam
762 3209 933 3282 diffundit
952 3208 992 3278 in
1011 3226 1109 3279 arma
1127 3231 1259 3279 cruore.
