3750 6217
385 722 910 800 GEORGICON
968 727 1032 799 11.
1091 753 1123 801 v.
1177 751 1267 825 193.
1375 730 1424 822 63

220 891 401 966 Lancibus
421 909 457 963 et
473 890 602 987 pandis
620 889 796 962 fumantia
815 890 999 964 reddimus
1016 912 1105 966 exta.

213 1007 282 1082 Sin
300 1027 458 1083 armenta
476 1009 590 1106 magis
611 1005 772 1080 studium
789 1006 995 1101 vitulosque
1011 1012 1124 1098 tueri,

219 1124 294 1197 Aut
312 1124 406 1196 fetus
426 1125 574 1214 ovium,
595 1140 656 1194 aut
675 1121 809 1193 urentis
828 1122 922 1194 culta
941 1126 1113 1219 capellas:

219 1239 360 1330 Saltus,
384 1257 420 1312 et
439 1239 545 1312 saturi
562 1238 678 1334 petito
700 1237 902 1335 longinqua
920 1237 1084 1331 Tarenti,

220 1357 266 1430 Et
286 1357 433 1450 qualem
452 1353 579 1425 infelix
596 1353 717 1425 amisit
733 1351 882 1424 Mantua
902 1379 1093 1451 campum,

220 1473 429 1545 Pascentem
454 1472 580 1542 niveos
601 1469 757 1540 herboso
780 1467 931 1541 flumine
952 1495 1107 1566 cycnos:

221 1589 309 1659 Non
329 1579 459 1681 liquidi
480 1585 646 1698 gregibus
663 1583 805 1674 fontes,
831 1606 910 1656 non
932 1589 1091 1686 gramina
1111 1588 1281 1670 deerunt;

220 1703 266 1781 Et
288 1721 465 1797 quantum
489 1702 611 1799 longis
628 1718 773 1794 carpent
791 1720 949 1773 armenta
972 1701 1121 1793 diebus,

220 1821 358 1916 Exigua
373 1836 513 1889 tantum
535 1816 677 1916 gelidus
696 1841 757 1888 ros
779 1836 887 1889 nocte
905 1838 1066 1912 reponet

220 1935 328 2033 Nigra
351 1934 443 2024 fere,
470 1950 506 2007 et
527 1956 649 2028 presso
670 1933 817 2030 pinguis
837 1932 907 2004 sub
925 1958 1071 2006 vomere
1095 1953 1202 2025 terra,

221 2051 267 2123 Et
286 2051 343 2123 cui
364 2069 467 2143 putre
488 2050 635 2138 solum,
657 2050 841 2146 (namque
858 2049 929 2121 hoc
946 2049 1131 2123 imitamur
1149 2050 1307 2146 arando)
1372 2076 1390 2093 ··

220 2168 385 2261 Optuma
405 2164 592 2237 fnrmentis
611 2191 619 2233 ε
649 2187 727 2234 non
743 2167 824 2235 ullo
843 2189 888 2236 ex
906 2190 1062 2259 aequore
1081 2191 1201 2242 cernes
1294 2158 1298 2173 ⁵

220 2283 324 2353 Plura
344 2281 501 2352 domum
520 2280 629 2352 tardis
645 2277 816 2351 decedere
833 2283 989 2375 plaustra
1001 2283 1186 2380 juvencis:

126 2492 128 2497 Ι
219 2397 292 2470 Aut
311 2397 409 2468 unde
428 2397 535 2468 iratus
555 2397 682 2468 silvam
699 2395 844 2469 devexit
863 2415 1001 2488 arator,
1043 2383 1048 2393 ’

219 2514 265 2587 Et
283 2536 434 2587 nemora
453 2513 576 2584 evertit
591 2513 729 2584 multos
747 2513 872 2611 ignava
892 2538 957 2606 per
974 2536 1112 2601 annos,

220 2629 470 2722 Antiquusque
490 2628 626 2700 domos
646 2627 768 2698 avium
785 2653 869 2702 cum
890 2628 1060 2724 stirpibus
1080 2629 1167 2704 imis

220 2745 320 2825 Emit
342 2771 351 2817 a
380 2745 462 2815 illae
481 2747 595 2816 altum
615 2742 712 2814 nidis
728 2744 861 2836 petiere
878 2743 1008 2818 relictis
1018 2776 1031 2825 s

220 2859 269 2930 At
288 2858 385 2930 rudis
402 2860 531 2930 enituit
547 2859 696 2952 inpulso
712 2883 859 2929 vomere
879 2882 1044 2953 campus,
1103 2846 1108 2855 ⁵

221 2973 317 3044 Nam
332 2975 454 3071 jejuna
471 2973 622 3068 quidem
641 2972 769 3045 clivosi
786 2975 900 3071 glarea
915 2973 1006 3045 ruris

220 3087 297 3160 Vix
314 3087 465 3159 humilis
482 3088 610 3182 apibus
630 3089 739 3160 casias
757 3111 948 3182 roremque
968 3087 1169 3169 ministrata

219 3206 266 3277 Et
285 3203 423 3296 tophus
443 3202 589 3291 scaber,
611 3221 647 3274 et
663 3204 772 3303 nigris
791 3226 895 3281 exesa
915 3203 1090 3299 chelydris

219 3321 346 3408 Creta,
373 3336 505 3417 negant
521 3319 612 3390 alius
631 3343 747 3413 aeque
765 3319 991 3415 serpentibus
1008 3345 1111 3419 agros

219 3436 375 3508 Dulcem
392 3432 478 3505 ferre
497 3433 646 3522 cibum,
671 3453 708 3506 et
726 3458 848 3525 curvas
867 3435 1035 3531 praebere
1050 3435 1211 3509 latebras.

218 3550 323 3657 Quae
341 3569 489 3620 tenuem
510 3549 651 3621 exhalat
667 3548 867 3641 nebulam,
888 3549 1086 3645 fumosque
1104 3552 1258 3626 volucris
1267 3581 1280 3632 a·

217 3666 264 3745 Et
283 3663 377 3736 bibit
395 3666 609 3754 humorem,
632 3684 691 3756 et,
714 3689 832 3760 quom
851 3668 951 3758 volt,
973 3690 1020 3738 ex
1038 3692 1075 3740 se
1095 3669 1173 3763 ipsa
1189 3667 1360 3744 remittit>

219 3780 396 3887 Quaeque
417 3806 482 3853 suo
505 3805 646 3875 semper
660 3781 767 3852 viridi
786 3805 825 3853 se
841 3783 1000 3882 gramine
1017 3784 1144 3875 vestit,

218 3895 296 3967 Nec
317 3895 434 3975 scabie
457 3914 493 3967 et
515 3897 603 3968 salsa
626 3896 735 3968 laedit
753 3895 918 3996 robigine
937 3896 1092 3991 samm,

219 4008 289 4082 Illa
308 4009 377 4082 tibi
396 4011 498 4082 laetis
517 4010 652 4083 intexet
668 4011 805 4084 vitibus
824 4014 972 4086 ulmosa

219 4126 289 4196 Illa
309 4123 405 4196 ferax
425 4127 509 4196 oleo
530 4143 583 4198 est
603 4154 611 4194 ε
641 4128 741 4198 illam
758 4128 939 4223 experiere
958 4129 1134 4228 colendo,

217 4239 267 4313 Et
287 4240 431 4312 facilem
448 4241 595 4336 pecori,
618 4259 655 4314 et
672 4243 872 4337 patientem
889 4245 1046 4318 vomeris
1063 4247 1162 4328 unci.¹

219 4355 257 4428 'T
258 4359 353 4428 alem
373 4355 473 4429 dives
490 4374 563 4429 arat
582 4355 730 4452 Capua,
752 4377 790 4432 et
806 4359 925 4432 vicina
943 4361 1086 4435 Vesevo

220 4473 295 4543 Ora
308 4476 423 4572 jugo,
443 4491 479 4545 et
495 4473 614 4546 vacuis
634 4471 783 4549 Clanius
802 4499 882 4549 non
901 4503 1038 4574 aequus
1054 4476 1200 4553 Acerris.

279 4586 405 4680 Nunc,
429 4613 506 4683 quo
527 4613 714 4686 quamque
737 4592 855 4666 modo
878 4595 998 4690 possis
1017 4616 1256 4696 cognoscere,
1274 4591 1402 4689 diosna,
