3750 6217
495 677 944 782 Aruernos
1000 709 1113 783 xrr.
1171 733 1205 784 v.
1259 713 1351 808 usq.
1462 710 1539 805 ru

330 873 510 971 Sanguine
530 887 618 948 terra
636 875 781 965 madet,
804 874 1030 970 striduntque
1046 875 1234 970 hastilibus
1252 893 1378 949 arrrae:

331 991 585 1090 Significatque
604 991 736 1081 manu,
761 1012 796 1064 et
812 987 947 1090 magno
969 991 1077 1089 slmul
1098 987 1226 1089 incipit
1247 1013 1325 1064 oret

331 1107 464 1178 Parcite
477 1109 578 1204 jam,
600 1105 745 1188 Rutuli;
768 1128 804 1180 et
820 1132 886 1179 ros
905 1108 976 1179 tela
994 1107 1172 1198 inhibete,
1196 1110 1330 1180 Latini:

330 1221 596 1328 Quaecumque
616 1242 669 1295 est
688 1214 848 1312 for‘tuna,
870 1230 952 1293 mea
972 1215 1024 1295 est
1048 1229 1055 1290 't
1086 1249 1146 1294 me
1165 1219 1280 1296 verius
1301 1221 1417 1296 unum

331 1339 400 1409 Pro
419 1338 526 1410 vobis
541 1336 672 1411 foedus
688 1341 803 1428 luere‘,
825 1331 860 1409 et
880 1339 1065 1411 decernere
1086 1338 1187 1411 ferr0.

331 1454 531 1526 Discessere
550 1477 680 1526 omnes
698 1451 836 1544 medii,
860 1455 1094 1548 spatiumque
1112 1453 1249 1526 dedere·¹

329 1551 379 1642 At
394 1587 494 1668 pater
512 1567 668 1660 Aeneas,
691 1566 816 1642 audito
836 1569 988 1640 nornine
1008 1549 1145 1659 Turni,

333 1667 472 1757 Deserit
492 1704 527 1758 et
544 1701 692 1776 muros,
717 1703 753 1759 et
773 1705 934 1758 summas
953 1683 1080 1758 (leserit
1098 1703 1209 1764 artes;

334 1781 618 1895 praecipitatque
636 1817 755 1874 moras
778 1801 899 1873 omriis
922 1804 930 1868 ἐ
962 1825 1068 1896 opera
1092 1801 1215 1871 omnia
1234 1804 1391 1896 rumpit:

323 1912 483 1988 ‘Laetitia
501 1917 702 2007 exsultans,
725 1905 1021 2010 horrendumque
1042 1918 1182 1988 intonat
1203 1921 1327 1988 aruris:

333 2032 502 2142 Quantus
521 2031 655 2120 Athos,
674 2043 735 2105 aut
756 2047 911 2128 quantus
931 2032 1046 2128 Erpa,
1069 2033 1130 2104 aut
1149 2027 1244 2127 ipse,
1264 2035 1422 2124 coruscis

332 2147 461 2254 Quom
481 2145 600 2246 fremit
620 2145 783 2238 ilicibus,
809 2152 986 2243 quaritus,
1010 2150 1215 2248 'gaudetque
1237 2149 1346 2221 nivali

330 2262 474 2336 Vertice
493 2289 529 2336 se
549 2264 728 2336 adtollens
747 2273 846 2358 pater
863 2265 1105 2357 Appenninus
1123 2267 1168 2333 ad
1189 2281 1299 2335 auras.

327 2378 411 2468 Jarr'r
432 2384 515 2450 vero
533 2399 570 2451 et
593 2365 717 2450 Rutuli
735 2375 919 2466 certatim,
941 2375 977 2449 et
997 2378 1127 2466 Troas,
1152 2397 1186 2474 et
1207 2381 1336 2452 omne's

331 2496 546 2592 Convertere
564 2494 691 2565 oculos
711 2473 812 2570 ltali;
837 2493 974 2590 quique
992 2495 1060 2563 al'ta
1080 2492 1249 2563 tenebant

330 2609 501 2699 Moenia,
523 2609 661 2704 quique
679 2611 774 2682 imos
793 2607 985 2703 pulsabant
1004 2609 1109 2680 ariete
1129 2605 1270 2679 riruros:

333 2727 514 2820 Armaque
534 2726 732 2821 deposuere
750 2723 920 2826 humeris.
961 2724 1176 2826 stupetipse
1197 2719 1370 2816 Latinus,

328 2842 513 2940 ingentis,
539 2842 679 2939 genitos
698 2827 843 2914 cliversis
864 2841 1023 2934 partibus
1042 2840 1156 2928 orbis,

334 2957 428 3027 luter
447 2982 482 3026 se
503 2955 630 3056 'coiisse
650 2958 765 3046 riros,
787 2976 822 3027 et
842 2981 979 3027 cernere
1002 2955 1102 3026 ferro.
1268 3041 1270 3045 .

335 3068 452 3164 Atque
474 3072 549 3161 illi,
574 3090 616 3168 ut
633 3096 746 3142 vacuo
767 3065 957 3168 patuerunt
978 3075 1135 3168 aequore
1156 3070 1299 3165 campi,

331 3186 503 3258 Procursu
519 3187 669 3281 rapido,
697 3187 866 3284 conjectis
888 3187 1030 3259 eminus
1051 3188 1186 3274 hastis,

334 3301 516 3374 lnvadunt
533 3283 684 3375 Martem
704 3304 830 3399 clipeis
852 3321 962 3396 atque
985 3329 1061 3374 aere
1083 3305 1228 3398 sonoro,

332 3415 404 3489 Dat
426 3419 601 3517 gemitum
627 3421 760 3493 tellus:
790 3427 870 3491 tum
889 3419 1030 3492 crebros
1052 3419 1196 3490 ensibus
1219 3417 1308 3488 ictus'

332 3531 612 3633 Congemirrant.
649 3535 722 3608 fors
744 3554 780 3607 et
800 3537 909 3608 virtus
931 3538 1126 3606 miscentur
1148 3535 1184 3605 in
1206 3541 1332 3607 unum't

333 3647 383 3720 Ac
398 3648 519 3740 velut,
532 3651 681 3750 lugenti
703 3649 797 3740 Sila,
821 3677 1012 3748 summove
1028 3650 1199 3721 Taburno
1217 3687 1227 3740 ·,

332 3763 459 3869 Quum
483 3765 558 3838 duo
583 3769 762 3854 conversis
782 3755 928 3839 inimica
955 3768 992 3837 in
1014 3756 1150 3860 proelia
1170 3763 1259 3836 tauri

332 3873 526 3952 Frontibus
546 3882 752 3973 incurrunt,
778 3885 901 3980 pavidi
924 3908 1055 3954 cessere
1075 3882 1231 3978 'magistri
1248 3885 1255 3948 Ξ

332 3993 406 4066 Stat
426 4019 536 4088 pecus
554 4021 665 4066 omne
682 4018 783 4070 metu
804 4003 975 4087 mutum,
999 4009 1233 4090 mussantque
1249 3999 1444 4096 juvencae,

334 4107 428 4215 Quis
447 4112 589 4180 nemori
610 4111 816 4206 imperitet,
840 4138 950 4208 quem
971 4131 1045 4186 tota
1064 4131 1222 4186 armenta
1241 4132 1452 4207 sequantur:
1501 4155 1503 4160 ·

333 4224 393 4298 llli
413 4228 503 4297 inter
522 4253 596 4298 sese
616 4231 733 4299 multa
744 4231 790 4299 'vi
811 4235 954 4302 volnera¹
976 4233 1150 4317 miscent,

334 4339 552 4435 Cornuaque
572 4341 700 4413 obnixi
721 4340 897 4442 infigunt,
924 4366 960 4418 et
981 4348 1151 4445 sanguine
1173 4346 1270 4443 largo

334 4455 440 4530 Colla
460 4484 655 4556 armosque
673 4460 794 4532 lavant
818 4489 825 4530 :
857 4463 994 4560 gemitu
1014 4485 1144 4533 nemus
1165 4485 1276 4532 omne
1296 4458 1458 4557 remugit

333 4570 444 4646 Haud
463 4576 563 4646 aliter
583 4574 677 4648 Tros
697 4576 836 4652 Aeneas
856 4593 891 4650 et
909 4577 1074 4651 Daunius
1092 4576 1196 4650 heros

1200 4690 1319 4762 Fffa
