3750 6217
713 720 811 803 76
1027 710 2783 789 GEORGICON111.v.61.

705 884 988 957 Desinit
1022 902 1184 954 ante
1224 882 1511 971 decem,
1555 900 1727 976 post
1767 899 2075 974 quatuor
2111 881 2368 974 incipit
2404 900 2669 949 annos:

705 1001 954 1073 Cetera
994 1023 1126 1069 nec
1161 998 1420 1068 feturae
1460 998 1756 1085 habilis,
1800 1020 1934 1067 nec
1970 994 2169 1068 fortis
2209 994 2462 1066 aratris.

704 1118 977 1189 Interea
1005 1169 1026 1203 ,
1074 1130 1354 1209 superat
1384 1112 1709 1211 gregibus
1748 1112 1926 1183 dum
1965 1114 2144 1181 laeta
2174 1114 2504 1210 juventas
2528 1162 2552 1198 ‚

703 1231 916 1303 Solve
952 1254 1178 1300 mares
1222 1257 1236 1295 :
1295 1229 1502 1299 mitte
1542 1230 1617 1298 in
1659 1227 2020 1298 Venerem
2050 1226 2376 1321 pecuaria
2414 1224 2693 1319 primus
2714 1236 2747 1313 ,“

702 1345 945 1439 Atque
981 1344 1193 1414 aliam
1232 1368 1320 1413 ex
1358 1344 1495 1414 alia
1537 1343 1940 1441 generando
1982 1342 2216 1414 suffice
2256 1342 2562 1436 prolem.

703 1463 1036 1555 Optuma
1071 1482 1399 1552 quaeque
1442 1459 1594 1530 dies
1631 1456 1904 1528 miseris
1940 1456 2364 1529 mortalibus
2399 1456 2552 1526 aevi

704 1577 945 1647 Prima
980 1573 1160 1672 fugit
1207 1602 1221 1641 :
1283 1575 1593 1644 subeunt
1626 1573 1914 1660 morbi,
1964 1573 2322 1665 tristisque
2371 1589 2735 1650 senectus:

705 1686 799 1765 Et
836 1691 1039 1761 labor
1069 1745 1090 1779 ,
1136 1709 1207 1760 et
1245 1689 1457 1759 durae
1494 1688 1675 1782 rapit
1715 1688 2172 1757 inclementia
2205 1686 2477 1759 mortiS.

705 1806 1002 1900 Semper
1042 1822 1249 1875 erunt
1280 1860 1300 1894 ‚
1349 1828 1654 1896 quarum
1693 1803 1954 1873 mutari
1990 1827 2291 1896 corpora
2329 1801 2574 1874 malis:

705 1919 1003 2015 Semper
1038 1920 1239 1991 enim
1273 1919 1475 1990 refice
1509 1949 1525 1997 ;
1576 1943 1655 1988 ac
1679 1973 1700 2008 ‚
1754 1941 1844 1987 ne
1885 1935 2054 2011 post
2097 1918 2354 1988 amissa
2390 1917 2695 2010 requiras
2725 1970 2747 2006 ,

703 2036 1060 2111 Anteveni
1085 2090 1105 2124 ‚
1152 2053 1221 2105 et
1261 2035 1594 2106 subolem
1638 2052 1961 2104 armento
2000 2034 2243 2105 sortire
2280 2051 2463 2126 quot
2500 2033 2722 2103 annis.

822 2150 974 2220 Nec
1010 2174 1163 2220 non
1203 2167 1274 2220 et
1301 2149 1544 2243 pecori
1581 2167 1687 2220 est
1726 2147 1920 2219 idem
1959 2150 2259 2221 dilectus
2300 2148 2591 2242 equino,

708 2267 827 2336 Tu
871 2264 1100 2335 modo
1127 2319 1148 2353 ‚
1205 2289 1392 2357 quos
1427 2265 1505 2333 in
1545 2289 1752 2358 spem
1794 2282 2054 2336 statues
2091 2265 2501 2335 submittere
2542 2263 2767 2359 gentis
2791 2316 2812 2352 ‚

711 2380 1184 2475 Praecipuom
1217 2383 1373 2479 jam
1408 2370 1577 2450 inde
1618 2406 1658 2449 a
1696 2380 1951 2451 teneris
1992 2379 2308 2474 inpende
2343 2377 2684 2449 laborem.

709 2494 1086 2567 Continuo
1126 2496 1406 2590 pecoris
1445 2498 1765 2595 generosi
1804 2497 2052 2590 pullus
2089 2497 2163 2565 in
2201 2495 2378 2566 arvis

704 2607 944 2683 Altius
983 2610 1411 2709 ingreditur,
1457 2631 1528 2683 et
1565 2612 1819 2681 mollia
1859 2636 2051 2683 crura
2091 2611 2395 2705 reponit.

707 2724 992 2797 Primus
1033 2744 1103 2797 et
1141 2725 1237 2797 ire
1277 2727 1473 2797 viam
1495 2781 1517 2817 ,
1562 2746 1633 2798 et
1667 2725 1929 2799 fluvios
1964 2745 2228 2799 tentare
2265 2727 2581 2798 minaces

704 2840 946 2913 Audet
980 2897 1000 2931 ‚
1053 2858 1125 2912 et
1165 2842 1417 2939 ignoto
1463 2866 1609 2914 sese
1653 2842 2077 2914 conmittere
2115 2843 2365 2936 ponti:

702 2956 860 3028 Nec
897 2981 1123 3028 vanos
1161 2957 1397 3029 horret
1432 2958 1781 3052 strepitus.
1863 2958 1968 3028 illi
2017 2957 2230 3028 ardua
2273 2957 2548 3045 cervum,

702 3070 1206 3170 Argutumque
1247 3091 1500 3168 caput,
1552 3074 1781 3147 brevis
1829 3076 2027 3146 alvus
2056 3129 2076 3162 ,
2129 3073 2493 3166 obesaque
2536 3089 2765 3169 terga:

705 3186 1193 3279 Luxuriatque
1231 3189 1404 3258 toris
1451 3190 1866 3259 animosum
1916 3208 2181 3282 pectus.
2263 3187 2547 3261 honesti

703 3300 1041 3394 Spadices
1074 3354 1094 3388 ‚
1139 3302 1520 3396 glaucique
1554 3331 1571 3379 ;
1623 3305 1823 3373 color
1861 3304 2280 3375 deterrimus
2319 3303 2533 3392 albis,

701 3415 798 3487 Et
828 3415 1041 3513 gilvo.
1128 3430 1290 3484 tum
1321 3469 1342 3503 ,
1393 3417 1451 3485 si
1497 3441 1636 3508 qua
1679 3441 1946 3487 sonum
1986 3421 2240 3513 procul
2280 3444 2471 3489 arma
2506 3417 2808 3508 dedere,

703 3529 894 3601 Stare
933 3531 1101 3599 loco
1144 3530 1366 3599 nescit
1416 3557 1431 3596 z
1491 3530 1708 3600 micat
1745 3532 2032 3604 auribus
2056 3588 2074 3621 ‚
2114 3551 2183 3604 et
2221 3535 2461 3604 tremit
2505 3551 2733 3612 artus;

703 3644 1287 3737 Conlectumque
1325 3667 1660 3740 premens
1697 3647 1928 3716 volvit
1962 3648 2097 3718 sub
2132 3649 2420 3720 naribus
2459 3650 2721 3747 ignem.

700 3760 944 3835 Densa
969 3761 1189 3859 juba,
1235 3780 1305 3833 et
1343 3760 1591 3831 dextro
1623 3763 1883 3859 jactata
1921 3763 2274 3834 recumbit
2308 3764 2383 3833 in
2423 3790 2622 3835 armo
2654 3792 2672 3832 ι

705 3875 797 3948 At
833 3875 933 3948 clu
978 3880 1109 3948 lex
1145 3880 1369 3948 arritur
1425 3904 1533 3948 *er
1569 3880 1866 3948 lumbus
1906 3904 1934 3948 5
1998 3880 2146 3948 ina*
2194 3900 2390 3948 cavat
2446 3904 2534 3948 ue
