3750 6217
562 696 1334 796 lauu1posti.v.s1.
1473 719 1628 818 ης·

342 882 556 979 Obtule'rat,
581 887 697 962 fidens
717 889 851 978 animi,
873 900 982 982 atque
1002 888 1042 959 in
1063 906 1258 981 utrumque
1277 892 1448 981 paratus,

343 1007 412 1078 Seu
431 1030 564 1078 versare
583 1003 716 1095 dolos,
737 1025 799 1076 seu
817 1023 930 1075 certae
949 1004 1159 1075 occumbere
1178 1004 1297 1074 mortit

343 1119 516 1215 Undique
535 1120 674 1193 visendi
696 1121 817 1193 studio
837 1117 996 1190 Troiana
1011 1122 1177 1218 juventus

344 1219 568 1308 Circumfusa
587 1235 677 1324 ruit,
701 1239 908 1328 certantque
930 1235 1091 1306 inludere
1111 1254 1230 1329 captos

343 1344 484 1446 Adcipe
509 1374 606 1422 nunc
626 1349 796 1422 Danaum
818 1346 987 1442 insidias,
1014 1368 1049 1423 et
1068 1351 1218 1422 crimine
1237 1350 1283 1422 ab
1303 1358 1380 1423 ulto

342 1462 452 1541 Disce
471 1467 601 1539 omnis.
1095 1557 1100 1572 ι

344 1584 535 1677 Namque,
555 1600 597 1653 ut
615 1584 813 1678 conspectu
833 1583 872 1653 iri
891 1561 1016 1654 medio
1035 1580 1218 1672 turbatus,
1242 1580 1388 1656 inermis

345 1698 540 1787 Constitit,
560 1716 668 1792 atque
689 1699 805 1770 oculis
823 1697 972 1796 Phrygia
992 1697 1135 1796 agmina
1156 1682 1427 1792 circumspexit}

343 1810 450 1902 Heu,
467 1837 561 1908 quae
580 1828 678 1884 nunc
697 1815 825 1903 tellus,
844 1814 984 1908 inquit,
1011 1838 1103 1907 quae
1116 1826 1177 1883 me
1192 1830 1347 1906 aequora
1366 1822 1522 1907 possunt

345 1929 522 2026 Adcipere
544 1929 560 2000 i’
590 1945 652 2000 aut
671 1927 764 2023 quid
777 1924 855 2026 jam
874 1929 1007 2001 misero
1028 1921 1119 1999 mihi
1139 1928 1297 2022 denique
1316 1930 1452 2001 restat?

216 2097 224 2113 .
344 2039 415 2116 Cui
435 2069 553 2139 neque
572 2045 671 2139 apud
689 2043 835 2117 Danaos
854 2062 1010 2137 usquam
1031 2036 1133 2115 locus
1159 2070 1167 2111 ι
1198 2061 1233 2115 et
1250 2067 1354 2137 supet
1374 2043 1443 2140 ipsi

345 2158 572 2233 Daxdanidae
591 2157 722 2232 infensi
738 2182 877 2254 poenas
894 2177 979 2231 cum
998 2154 1168 2258 sanguine
1185 2177 1350 2253 poscunt.

327 2274 433 2382 ,Quo
456 2277 592 2376 gemitu
612 2275 773 2347 conversi
793 2276 924 2365 animi,
946 2289 1157 2371 conpressus
1177 2292 1212 2345 et
1232 2273 1354 2347 omnis

343 2389 505 2486 Iapetus.
546 2393 730 2463 hortamur
750 2383 840 2481 fari,
863 2409 939 2484 quo
959 2390 1130 2488 sanguine
1150 2410 1282 2481 cretus,

342 2506 491 2691 guidve
513 2491 620 2594 fetat,
641 2526 847 2597 memoret,
869 2529 961 2600 quae
979 2505 1024 2579 sit
1043 2505 1173 2576 fiducia
1193 2517 1310 2601 capto.

377 2639 484 2692 uncta
503 2617 674 2716 equidem
690 2620 779 2712 tibi,
802 2621 903 2711 Rex,
929 2604 1033 2693 fuerit
1052 2610 1335 2714 quodcumque,
1354 2605 1494 2693 fatebor

342 2729 456 2826 Vera,
479 2736 626 2832 inquit:
655 2754 774 2830 neque
797 2753 859 2807 me
879 2735 1043 2836 Argolica
1060 2735 1105 2806 de
1125 2755 1230 2834 gente
1248 2730 1418 2834 negabo:

344 2843 426 2922 Hoc
445 2854 615 2946 primum.
653 2874 743 2942 nec,
772 2852 800 2923 si
820 2849 993 2923 miserum
1011 2844 1168 2922 Fortuna
1188 2848 1363 2922 Sinonem

343 2960 483 3056 finxit,
505 2986 642 3038 vanum
661 2966 769 3038 etiam
787 2967 1074 3059 mendacemque
1092 2965 1245 3059 inproba
1263 2964 1382 3064 finget.
1496 3052 1499 3057 .

343 3080 471 3152 Fando
494 3081 646 3176 aliquod
665 3081 693 3153 si
714 3078 805 3154 forte
823 3100 901 3154 tuas
918 3081 1080 3177 pervenit
1098 3081 1144 3150 ad
1164 3078 1257 3152 auris

342 3192 570 3292 Naupliadae
587 3204 725 3269 nomen
745 3180 969 3287 Palamedis,
985 3210 1027 3266 'e't
1046 3180 1179 3266 incluta
1198 3190 1294 3266 fama

344 3311 470 3384 Gloria
496 3337 503 3381 ε
535 3328 646 3407 quem
666 3310 753 3386 falsa
773 3299 841 3386 suls
860 3296 1069 3413 proditione
1089 3296 1226 3409 Pelasgi
1266 3322 1271 3345 ¹

342 3424 555 3518 Insontem,
582 3414 734 3499 infando
755 3425 915 3518 indicio,
939 3427 1024 3522 quia
1039 3424 1134 3498 bella
1150 3425 1319 3516 vetabat,

342 3535 527 3616 Demisere
546 3541 625 3616 neci
642 3577 652 3624 ;
682 3557 780 3616 n'unc
799 3564 941 3616 cassum
960 3544 1100 3614 lumine
1118 3543 1264 3640 lugentt
1311 3602 1314 3608 .

245 3717 247 3723 .
303 3665 311 3685 ‘
342 3652 403 3729 Illi
422 3683 481 3731 me
499 3659 696 3750 comitem,
716 3678 754 3732 et
773 3659 1081 3760 consanguinitate
1101 3658 1385 3752 propinquum,

342 3767 485 3869 Pauper
503 3775 543 3846 in
560 3781 657 3844 ar'ma
676 3793 776 3870 patet
794 3776 921 3872 primis
940 3775 1010 3847 huc
1029 3774 1129 3847 misit
1148 3770 1194 3843 ab
1214 3773 1327 3846 annis.
1386 3842 1390 3846 .

344 3881 446 3959 Dum
464 3888 577 3961 stabat
595 3913 704 3989 regno
725 3890 943 3981 incolumis,
966 3911 1164 3990 regumque
1184 3887 1327 3987 vigebat

339 4001 546 4084 'Conciliist
570 4021 606 4075 et
623 4025 693 4076 nos
709 4002 861 4100 aliquod
880 4029 1091 4101 nomenque
1114 4002 1298 4098 decusque

345 4116 544 4191 Gessimua
583 4115 718 4216 iqvidia
734 4133 932 4217 postquam
952 4121 1100 4218 pellacis
1120 4118 1218 4192 Ulixi

347 4231 484 4340 (Haud
506 4235 630 4334 ignota
652 4235 814 4333 loquor)
835 4238 971 4332 superis
988 4237 1165 4311 concessit
1184 4232 1231 4307 ab
1245 4234 1350 4318 erist

346 4346 522 4423 Adflictus
538 4351 650 4423 vitam
670 4350 710 4423 in
729 4335 885 4426 tenebris
904 4355 1076 4447 luctuque
1094 4345 1303 4443 trahebam,

346 4456 393 4537 Et
416 4489 538 4538 casum
557 4467 710 4542 insontis
729 4480 874 4541 mentm
894 4467 1106 4568 indignabar
1124 4468 1241 4541 amici.

347 4574 424 4653 Nec
441 4583 535 4654 tacui
554 4583 704 4661 demens
727 4612 735 4654 ι
765 4600 803 4661 et
817 4602 896 4676 me,
916 4582 991 4657 fors
1009 4573 1039 4658 si
1057 4607 1130 4678 qua
1149 4585 1311 4675 tulisset,

1245 4697 1268 4768 S
1301 4722 1320 4772 a
