3750 6217
369 677 449 763 276
534 675 980 756 AENEIDOS
1037 676 1146 758 ulr,
1204 703 1237 749 v.
1286 702 1379 773 490.

366 844 458 932 Ille,
485 868 635 914 manum
658 845 819 937 patiens,
842 865 1059 935 mensaeque
1079 844 1246 917 adsuetus
1264 839 1387 930 herili,

366 959 512 1032 Errabat
532 960 649 1038 silvis;
674 983 862 1052 rursusque
885 957 931 1026 ad
955 959 1082 1029 limina
1101 980 1188 1032 nota

366 1077 452 1173 Ipse
473 1077 628 1146 domum
650 1100 722 1144 sera
745 1073 909 1167 quamvis
927 1097 964 1144 se
984 1091 1089 1144 nocte
1106 1072 1247 1146 ferebat.

364 1191 474 1289 Hunc
495 1191 621 1284 procul
638 1208 806 1260 errantem
828 1188 970 1258 rabidae
987 1191 1146 1263 venantis
1168 1190 1239 1262 liili

367 1305 597 1376 Conmovere
618 1331 719 1376 canes
739 1333 747 1372 ε
776 1303 888 1376 fluvio
907 1327 1023 1395 quom
1041 1303 1131 1376 forte
1148 1303 1306 1378 secundo

366 1421 568 1509 Dellueret,
589 1421 736 1515 ripaque
755 1439 870 1490 aestus
887 1418 1057 1490 viridante
1075 1422 1212 1492 levaret.

365 1536 451 1631 Ipse
470 1537 596 1624 etiam,
619 1537 769 1605 eximiae
788 1533 903 1604 laudis
922 1559 1107 1606 succensus
1127 1561 1272 1627 amore,

365 1651 539 1724 Ascanius
558 1675 664 1721 curvo
686 1651 814 1721 direxit
832 1649 967 1744 spicula
987 1674 1122 1722 cornu:

365 1765 441 1838 Nec
461 1767 600 1838 dextrae
616 1767 742 1837 erranti
759 1766 847 1836 deus
865 1763 976 1852 afuit,
999 1785 1146 1859 actaque
1163 1768 1281 1838 multo

366 1881 503 1975 Perque
523 1862 662 1953 uterum
684 1883 804 1954 sonitu
823 1903 955 1974 perque
974 1880 1032 1950 ilia
1052 1885 1150 1954 venit
1164 1882 1313 1954 arundo.

366 1998 511 2069 Saucius
531 2015 566 2067 at
583 1999 784 2093 quadrupes
803 2014 889 2066 nota
907 1997 996 2066 intra
1013 2013 1102 2068 tecta
1121 1997 1271 2097 refugit,

365 2113 610 2204 Successitque
631 2137 775 2210 gemens
796 2110 962 2198 stabulis,
982 2133 1181 2205 questuque
1199 2127 1362 2186 cruentus

365 2230 487 2322 Atque
509 2228 702 2321 inploranti
724 2227 851 2299 similis
870 2245 1002 2297 tectum
1023 2253 1133 2298 omne
1152 2228 1318 2323 replebat

366 2343 472 2416 Silvia
492 2342 609 2437 prima
628 2368 748 2430 soror,
774 2341 905 2437 palmis
924 2361 1087 2435 perclusa
1105 2347 1269 2433 lacertos,

365 2459 554 2532 Auxilium
572 2477 700 2546 vocat,
728 2476 761 2528 et
781 2458 889 2527 duros
909 2459 1108 2528 conclamat
1128 2460 1278 2557 agrestis.

366 2575 445 2645 Olli
465 2574 597 2668 (pestis
615 2575 712 2644 enim
732 2574 843 2645 tacitis
859 2574 944 2644 latet
962 2598 1082 2666 aspera
1101 2576 1224 2669 silvis)

365 2690 547 2784 Inprovisi
567 2689 720 2761 adsunt:
749 2690 806 2759 hic
826 2705 916 2759 torre
932 2708 1085 2762 armatus
1104 2690 1257 2781 obusto,

365 2803 503 2900 stipitis
522 2806 580 2875 hic
600 2805 731 2904 gravidi
750 2804 857 2875 nodis
882 2831 894 2905 ².
919 2804 1025 2896 quod·
1039 2805 1167 2898 cuique
1189 2825 1366 2900 repertum

364 2919 546 3010 Rimanti,
563 2923 677 2992 telum
696 2921 743 2990 ira
760 2919 852 2992 facit
887 2939 993 2990 vocat
1011 2921 1153 3017 agmina
1174 2921 1370 3016 Tyrrheus,

366 3035 616 3141 Quadrilidam
637 3061 806 3130 quercum
827 3036 949 3107 cuneis
969 3051 1008 3105 ut
1027 3035 1117 3107 forte
1134 3038 1264 3110 coactis

365 3151 573 3242 Scindebat,
592 3171 690 3245 rapta
710 3153 845 3246 spirans
865 3152 1011 3222 inmane
1032 3153 1150 3223 securi.

366 3265 415 3337 At
433 3292 532 3336 saeva
551 3293 570 3336 e
591 3269 743 3360 speculis
758 3286 901 3359 tempus
921 3267 987 3335 dea
1007 3285 1111 3342 nacta¹
1124 3268 1280 3340 nocendi

366 3379 485 3450 Ardua
504 3401 593 3452 tecta
612 3382 702 3474 petit
720 3382 849 3453 stabuli
866 3411 874 3459 ;
897 3400 931 3452 et
948 3383 993 3451 do
1013 3385 1171 3454 culmine
1192 3409 1337 3456 summo

367 3496 545 3567 Pastorale
565 3497 657 3566 canit
679 3498 840 3594 signum,
863 3522 1046 3589 cornuque
1066 3523 1208 3572 recurvo

366 3612 568 3683 Tartaream
585 3612 739 3684 intendit
757 3638 885 3683 vocem
907 3641 915 3679 z
946 3638 1017 3705 qua
1037 3633 1207 3708 protenus
1228 3639 1338 3688 omne

366 3726 594 3799 Contremuit
611 3751 764 3816 nemus,
789 3749 823 3800 et
841 3729 949 3799 silvae
969 3729 1153 3801 intonuere
1174 3728 1383 3825 profundae.

366 3842 491 3915 Audiit
511 3863 545 3915 et
564 3844 702 3915 Triviae
721 3846 829 3942 louge
847 3846 965 3931 lacus,
988 3844 1100 3914 audiit
1118 3847 1234 3919 amnis

365 3958 525 4030 Sulfurea
544 3960 616 4029 Nar
634 3961 738 4032 albus
757 3985 867 4052 aqua,
888 3959 1077 4052 fontesque
1097 3959 1243 4032 Velini:

365 4075 411 4144 Et
431 4075 590 4169 trepidae
611 4093 739 4147 matres
763 4100 915 4170 pressere
938 4076 988 4145 ad
1005 4095 1147 4170 pectora
1167 4097 1280 4150 natos.

365 4189 465 4260 Tum
484 4214 567 4259 vero
588 4190 632 4260 ad
652 4215 778 4261 vocem
799 4193 946 4279 celeres,
973 4217 1043 4284 qua
1061 4191 1210 4262 lauccina
1228 4194 1370 4291 signum

363 4304 453 4398 Dira
471 4304 592 4394 dedit,
613 4307 721 4400 raptis
739 4325 955 4384 concurrunt
975 4306 1136 4401 undique
1153 4310 1232 4380 telis

363 4419 542 4490 Indomiti
563 4424 733 4518 agricolae
754 4452 762 4490 ι
792 4447 857 4493 nec
878 4447 955 4493 non
973 4439 1008 4491 et
1024 4421 1134 4493 Troia
1154 4424 1274 4518 pubes·

361 4534 513 4607 Ascanio
534 4537 706 4608 auxilium
728 4537 844 4609 castris
865 4536 1016 4607 ellimdit
1035 4540 1172 4632 apertis.
