3750 6217
322 669 427 812 Ιοὸο
528 723 974 805 AENEIDOS
1030 717 1143 799 Vll.
1201 749 1234 798 v.
1283 725 1463 800 fita.'

343 896 435 970 Belli
451 894 594 967 ferratos
613 894 710 988 rupi't
728 891 889 964 Saturnia
905 907 1037 986 postes.
1058 989 1060 994 Ι

344 1013 457 1085 Ardet
475 1010 627 1081 inexcita
646 1007 805 1080 Ausonia
824 1023 932 1101 atqu'e
951 1005 1138 1079 inmobilis
1155 1020 1246 1078 ante.

345 1128 428 1199 Pars
445 1125 554 1221 pedes
572 1125 620 1193 ire
636 1141 734 1217 parat
756 1123 894 1216 campis
904 1141 913 1201 ξ
932 1147 1014 1216 pars
1028 1123 1158 1193 arduus
1172 1123 1254 1195 altis

346 1242 618 1314 Pulverulentus
635 1238 736 1330 equis
750 1236 834 1308 furit
855 1263 863 1306 t
894 1261 1022 1308 omnes
1038 1261 1135 1308 arma
1153 1238 1346 1331 requirunt.

347 1357 430 1429 Pars
452 1355 539 1425 levis
559 1355 716 1448 clipeos,
741 1373 775 1424 et
795 1353 932 1447 spicula
953 1354 1072 1424 lucida¹
1091 1370 1228 1451 tergent

348 1472 479 1545 Arvina
500 1468 626 1566 pingui
644 1523 654 1558 ,
680 1469 920 1567 subiguntque
938 1467 976 1537 in
999 1477 1078 1539 'cote
1096 1490 1232 1540 secures
1247 1494 1256 1537 t

348 1585 528 1685 Signaque
547 1583 633 1655 ferre
650 1586 772 1684 juvat,
793 1585 1004 1675 sonitusque
1022 1584 1143 1654 audire
1163 1583 1340 1655 tubarum.

348 1701 527 1806 Quinque
547 1698 637 1770 adeo
656 1719 808 1798 magnae
825 1698 954 1793 positis
976 1698 1168 1771 incudibus
1188 1699 1293 1772 urbes

350 1816 441 1888 Tela
459 1833 617 1902 novant,
638 1812 745 1885 Atina
768 1830 922 1908 potens,
944 1813 1130 1907 Tiburque
1150 1814 1366 1909 superhum,

350 1931 486 2019 Ardee,
509 1929 819 2022 Ciustumerique,
842 1943 877 2000 et
895 1930 1079 2028 turrigerae
1098 1929 1306 2000 Antemnae.

351 2046 531 2145 Tegmina
552 2062 628 2116 tuta
650 2064 773 2115 cavant
793 2046 978 2148 capiuim,
1005 2044 1225 2138 flectuntque
1246 2045 1398 2145 salignas

350 2153 571 2234 Umbonum
591 2161 714 2231 cratis:
744 2159 804 2230 alii
821 2161 981 2231 thoracas
1001 2173 1132 2251 aenos,

351 2277 426 2349 Aut
444 2278 532 2348 levis
551 2300 668 2346 ocreas
685 2277 784 2346 lento
805 2275 943 2345 ducunt
961 2287 1116 2374 argento.

352 2385 523 2464 Vomeris
543 2391 637 2480 huc,
661 2401 696 2462 e't
716 2389 815 2462 falcis
836 2391 977 2479 hono's,
998 2392 1068 2463 huc
1086 2391 1206 2463 omnis
1229 2381 1327 2462 aratri

354 2507 471 2579 Cessit
489 2529 593 2577 amor
614 2531 622 2574 ε
651 2522 851 2599 recoquunt
873 2507 1007 2600 patrios
1028 2505 1231 2579 fornacibus
1251 2506 1354 2577 ensis

353 2622 509 2695 Classica
523 2623 673 2721 jamque
693 2640 821 2693 sonant
842 2647 850 2691 ι
880 2622 908 2692 it
930 2620 1030 2693 bello
1055 2641 1180 2694 tessera
1201 2623 1354 2720 signumi

353 2737 426 2808 Hic
449 2739 584 2835 galeam
606 2737 707 2809 tectis
728 2737 887 2831 trepidus
907 2737 999 2831 rapit
1021 2764 1029 2805 z
1059 2738 1119 2808 ille
1140 2737 1321 2809 frementis

354 2853 413 2924 Ad
432 2854 518 2951 juga
538 2853 635 2951 cogit
656 2869 795 2944 equos;
815 2853 1066 2946 clipeumque,-
1092 2877 1250 2945 auroque
1268 2853 1421 2924 trilicem

354 2955 520 3041 'Loricam
544 2967 726 3046 induitur:
749 2967 897 3060 fidoque
916 2967 1114 3066 adcingitut
1132 2993 1224 3040 ense.

413 3083 563 3155 Pandite
581 3109 677 3154 nunc
698 3083 893 3172 Helicona,
911 3071 1030 3172 Deae,
1054 3099 1250 3177 'cantusque
1269 3103 1434 3174 movete,

354 3198 434 3303 Qui
455 3199 553 3268 bello
577 3199 681 3269 exciti
700 3223 817 3295 reges,
842 3215 932 3292 qua'e
956 3213 1138 3292 quemque
1161 3216 1296 3270 secutae

357 3314 573 3407 Conplerint
594 3338 743 3408 campos
760 3314 872 3392 acies;
896 3313 1027 3405 quibus
1049 3315 1137 3384 Itala
1153 3316 1229 3409 jam
1251 3334 1330 3384 tum

356 3422 532 3498 Floruerit
550 3446 637 3497 terra
659 3429 755 3497 alma
775 3430 879 3517 viris,
905 3428 1038 3520 quibus
1056 3430 1171 3500 arserit
1193 3431 1309 3500 armis

357 3544 403 3615 Et
419 3542 633 3613 meministis
654 3545 774 3631 enim,
795 3541 933 3631 Divae,
960 3554 995 3614 et
1012 3569 1209 3615 memorare
1229 3546 1377 3639 potestis
1392 3569 1402 3616 t

356 3658 415 3731 Ad
435 3682 504 3729 nos
526 3658 587 3728 vix
608 3660 724 3730 tenuis
743 3658 858 3728 famae
878 3659 1071 3752 perlabitur
1089 3687 1178 3730 aura.

415 3773 555 3846 Primus
576 3775 643 3844 init
662 3775 800 3844 bellum
821 3773 1013 3867 Tyrrhenis
1034 3795 1134 3868 asper
1153 3776 1196 3844 ab
1216 3780 1287 3850 otis

357 3890 572 3961 Contemtor
595 3887 718 3960 divcim
740 3888 957 3977 Mezentius,
981 3892 1195 3986 agminaque
1217 3909 1335 3964 armat.

358 4004 470 4076 Filius
490 4001 572 4075 huic
595 4008 696 4102 juxta
718 4005 875 4094 Lausus,
898 4029 973 4097 quo
996 4006 1177 4098 pulchrior
1200 4011 1285 4081 alter

358 4119 446 4190 Non
470 4118 561 4207 fuit,
584 4137 734 4213 excepto
758 4119 941 4191 Laurentis
964 4145 1113 4214 corpore
1135 4120 1258 4193 Turni

360 4232 515 4321 Lausus,
541 4231 675 4326 equdm
697 4233 878 4323 domitor,
904 4235 1174 4328 debellatorque
1190 4236 1363 4328 feramm,

359 4349 469 4420 Ducit
487 4347 655 4447 Agyllina
679 4337 928 4442 nequidquam
950 4375 993 4420 ex
1014 4350 1102 4421 urbe
1123 4372 1264 4424 secutos

359 4463 462 4534 Mille
483 4462 599 4544 vi1·0s;
626 4466 782 4560 dignus,
806 4467 929 4558 patriis
951 4466 1013 4556 qui
1033 4467 1157 4537 laetior
1177 4485 1268 4538 essct

359 4579 549 4675 Imperiis,
568 4597 603 4652 et
623 4580 679 4651 cui
699 4599 797 4674 pater
817 4580 913 4650 hand
935 4580 1130 4653 Mezentius
1152 4602 1251 4653 esset.
