3750 6217
426 925 1510 1096 ECLOGAQUINTA.
1630 1147 1637 1158 .

605 1205 1380 1379 DAPHNIS

457 1530 1461 1625 nannscA5,noesus

826 1785 1095 1839 MENALcns

308 2012 310 2017 ·
359 1984 475 2064 CUR
495 2008 589 2075 non,
610 1985 769 2080 Mopse,
795 1985 886 2057 boni
907 1988 1084 2080 quoniam
1104 1986 1339 2058 convenimus
1353 1981 1482 2072 ambo,

358 2101 418 2171 Tu
441 2103 597 2172 calamos
617 2099 737 2170 inflare
758 2101 866 2190 levis,
892 2126 959 2201 ego
980 2103 1094 2173 dicere
1111 2125 1255 2190 versus,

360 2210 427 2286 Hic
449 2217 579 2286 corulis
598 2216 727 2287 mixtas
743 2215 833 2286 inter
853 2218 1076 2289 considimus
1093 2216 1250 2288 ulmos?

843 2351 875 2402 M
890 2352 913 2401 ο
929 2351 949 2400 1³
964 2352 981 2402 s
994 2353 1019 2402 u
1033 2352 1060 2403 s.

358 2448 419 2518 Tu
443 2448 558 2544 major
587 2476 594 2514 :
624 2445 689 2518 tibi
711 2471 771 2517 me
795 2465 847 2517 est
866 2472 1023 2540 aequom
1042 2474 1183 2542 parere,
1207 2446 1391 2518 Menalca:

358 2563 437 2634 Sive
460 2561 526 2635 sub
546 2562 718 2652 incertas,
740 2562 914 2656 Zephyris
931 2563 1175 2651 mutantibus,
1197 2562 1358 2649 umbras,

358 2676 437 2748 Sive
455 2696 555 2749 antro
570 2677 692 2771 potius
710 2678 933 2750 succedimus
955 2707 962 2746 ε
986 2678 1154 2772 adspice,
1176 2696 1217 2747 ut
1235 2693 1377 2748 antrum
1448 2671 1454 2684 '

358 2792 529 2864 Silvestris
547 2793 629 2866 tatis
648 2794 774 2887 sparsit
793 2793 953 2864 labrusca
973 2794 1129 2865 racemis.

808 2927 1107 2979 MENALcns

356 3023 546 3098 Montibus
566 3026 605 3095 in
624 3025 753 3097 nostris
771 3025 869 3096 solus
887 3023 953 3094 tibi
972 3043 1077 3095 certet
1097 3022 1280 3117 Amyntas.

849 3158 1069 3210 MOPSU&

357 3254 482 3362 Quid,
506 3258 535 3330 si
555 3257 655 3330 idem
671 3273 776 3328 certet
794 3253 984 3326 Phoebum
1005 3278 1165 3349 superare
1185 3251 1383 3325 canendo?

814 3388 1104 3440 MENALcns

356 3486 505 3578 Incipe,
527 3484 679 3577 Mopse,
699 3486 797 3579 prior
817 3510 824 3550 ι
852 3483 881 3553 si
901 3508 995 3575 quos
1012 3502 1072 3554 aut
1091 3482 1265 3578 Phyllidis
1284 3482 1407 3581 igneo,

355 3599 429 3671 Aut
447 3597 595 3669 Alconis
610 3597 719 3669 habes
737 3597 885 3686 laudes,
915 3618 976 3668 aut
987 3600 1100 3696 jurgia
1120 3597 1241 3670 Codri.

355 3714 482 3809 Incipe
501 3741 508 3782 ε
534 3713 711 3807 pascentis
729 3712 878 3784 servabit
896 3712 1042 3807 Tityrus
1058 3712 1201 3786 haedos.

841 3847 1062 3900 MOPSUS.

355 3946 480 4018 Immo
500 3948 586 4016 haec
595 4000 610 4046 ι,
636 3946 674 4014 in
693 3942 797 4014 viridi
818 3968 933 4037 nuper
953 3969 1044 4038 quae
1065 3942 1193 4015 cortice
1210 3941 1280 4043 fagi

357 4060 523 4131 Carmina
544 4060 735 4137 describsi‚
763 4077 798 4130 et
819 4060 1013 4130 modulans
1033 4062 1163 4130 alterna
1182 4060 1303 4131 notavi
1319 4114 1336 4140 ,

354 4176 522 4270 Experiar
542 4204 549 4244 ε
570 4194 609 4246 tu
630 4174 762 4246 deinde
777 4174 904 4272 jubeto
923 4192 1030 4246 certet
1049 4172 1233 4267 Amyntas.

808 4286 1104 4359 manaseas

355 4405 468 4477 Lenta
489 4407 576 4477 salix
592 4424 769 4498 quantum
786 4406 934 4499 pallenti
955 4404 1049 4476 cedit
1069 4405 1204 4494 olivae,

354 4519 518 4591 Puniceis
537 4522 684 4591 humilis
706 4539 883 4613 qnantum
904 4521 1058 4591 saliunca
1078 4520 1222 4592 rosetis:

349 4632 494 4737 Judicio
514 4656 638 4713 nostro
658 4654 799 4709 tantum
820 4634 885 4708 tibi
906 4635 1000 4708 cedit
1018 4633 1202 4733 Amyntas.
