3750 6217
339 692 415 778 34&
552 661 1000 763 lsnllbos'
1056 662 1105 763 ll.
1162 677 1197 763 i.
1242 661 1335 786 alda

335 847 455 943 Atque
475 851 619 924 animos
637 870 763 946 aptent
781 854 906 942 armis,
930 849 1148 951 pugnaeque
1163 847 1290 951 parent
1306 877 1355 928 se.

332 961 490 1058 Jamque
509 967 547 1036 in
568 988 764 1061 conspectu
780 968 942 1041 Teucros
958 955 1066 1041 habet
1085 988 1121 1041 et
1141 965 1354 1057 anacastra,

335 1080 438 1152 Stans
455 1084 547 1153 celsa
568 1083 606 1151 in
625 1084 745 1178 puppi
768 1112 775 1152 :
805 1084 965 1179 clipeum
985 1099 1103 1178 quom
1123 1072 1257 1157 deinde
1276 1079 1418 1158 sinistra

336 1183 475 1268 Extulit
494 1185 688 1268 ardentem.
732 1200 934 1300 clarno'te'nr
949 1200 996 1270 ad
1016 1197 1128 1272 sidera
1147 1195 1284 1273 tollunt

336 1310 563 1384 Dardanidae
580 1338 600 1382 e
619 1311 733 1384 muris
755 1342 762 1383 :
793 1308 876 1409 spes
896 1315 1018 1386 addita
1038 1315 1183 1387 su‘scitat
1198 1314 1284 1389 irasr

336 1415 427 1495 Tela
446 1435 559 1498 manu
574 1427 738 1526 jaciunt:
770 1431 895 1523 quales
915 1430 983 1500 sub
1002 1430 1164 1502 nubibus
1181 1424 1263 1503 atris

336 1539 562 1636 Strymoniae
580 1542 668 1615 dant
688 1540 786 1642 signa
806 1541 930 1643 grues,
949 1542 1057 1639 atque
1076 1547 1213 1617 aethera
1230 1541 1371 1618 tranaru

336 1655 435 1726 Cuin
456 1659 600 1747 sonitu,
625 1655 843 1756 fugiuntque
860 1656 980 1733 Notos
1000 1661 1158 1731 clamore
1178 1658 1348 1733 secundo.

336 1771 386 1844 At
404 1770 542 1845 Rutulo
563 1763 635 1872 regi
654 1758 882 1868 ducibusque
900 1801 941 1844 ea
961 1773 1051 1845 inira
1068 1774 1179 1846 videri

336 1885 531 1984 Ausoniis;
550 1889 668 1960 donec'
687 1895 802 1962 'versas
819 1889 864 1959 ad
885 1890 989 1960 litora
1010 1891 1149 1985 puppis

335 2000 569 2099 Respl'ciunt,
591 2014 785 2099 totumque
806 1995 925 2073 adlabi
943 2005 1117 2077 classibus
1137 2021 1281 2097 aequor.

337 2113 454 2222 Ardet,
466 2142 559 2213 apex
576 2120 684 2214 capiti
698 2173 708 2208 ,
735 2120 924 2220 cristisque
940 2145 960 2189 a
976 2107 1106 2190 verlice
1127 2118 1277 2190 flamma

338 2222 536 2323 Funditur,
559 2250 596 2305 et
611 2234 731 2306 vastos
750 2227 867 2304 umbo
885 2235 1005 2304 v'omit
1023 2259 1149 2305 aureus
1168 2231 1280 2332 ignis:

338 2349 426 2421 Non
445 2375 566 2438 secus,
587 2374 627 2421 ac
643 2345 780 2443 liquida
801 2350 829 2420 si
852 2348 1000 2442 quando
1024 2365 1131 2421 nocte
1148 2365 1311 2420 cometae

337 2443 531 2562 sanguinei
552 2464 701 2563 lugubre
721 2453 868 2553 rubent,
892 2460 953 2536 aut
967 2464 1079 2566 ‘Sirius
1099 2464 1224 2534 ardor:

338 2569 408 2679 llle
427 2580 523 2652 sitim
543 2575 768 2673 morbosque
787 2577 902 2651 serens
921 2578 1137 2651 mortalibus
1154 2576 1265 2677 aegris

338 2690 529 2785 Nascitur,
553 2692 588 2766 et
606 2697 707 2766 laevo
731 2696 917 2766 contristat
933 2693 1073 2765 lumine
1094 2696 1252 2766 coelumr

397 2811 506 2881 Haud
523 2829 645 2882 tamen
665 2811 790 2881 audaci
811 2809 939 2879 Turno
959 2804 1089 2880 fiducia
1106 2808 1211 2882 cessit

339 2919 460 2998 Litora
481 2926 707 3021 praecipere,
728 2943 764 2997 et
781 2923 958 2995 venientis
978 2925 1111 3017 pellere
1129 2942 1226 2995 terra.

339 3041 458 3148 Quod
477 3041 571 3113 votis
593 3042 766 3135 optastiS',
792 3039 913 3128 adest,
933 3036 1147 3136 perfringere
1164 3040 1307 3111 dextra}

339 3155 386 3226 In
404 3155 575 3226 manibus
593 3155 689 3227 Mars
707 3155 804 3249 ipse,
824 3153 900 3224 viri
939 3167 1037 3224 nunc
1055 3155 1217 3252 conjugis
1238 3174 1315 3226 esto

340 3270 508 3375 Quisque
530 3295 611 3340 suae
626 3270 783 3362 tectique
801 3292 946 3340 memor
970 3273 977 3337 Ξ
1008 3293 1105 3339 nunc
1125 3285 1255 3367 magna
1272 3268 1400 3341 referto

339 3385 464 3473 Facta,
490 3400 632 3477 patrum
653 3385 786 3457 laudes.
827 3386 920 3454 ultro
942 3407 1166 3455 occurramus
1184 3385 1227 3454 ad
1249 3384 1410 3475 undam,

339 3498 442 3571 Dum
460 3498 614 3591 trepidi,
640 3501 840 3595 egressique
859 3499 980 3569 labant
999 3498 1146 3596 vestigia
1166 3499 1293 3593 prima.

340 3611 517 3686 Audentis
538 3613 696 3684 Fortuna
709 3617 818 3711 juvat.

340 3727 439 3800 Haec
456 3730 527 3819 ait,
547 3748 582 3801 et
602 3753 722 3800 secum
743 3746 875 3834 vorsap,
900 3754 995 3822 quos
1014 3719 1143 3799 ducere
1161 3747 1306 3820 contra,

339 3844 412 3917 Vel
435 3846 570 3939 quibus
592 3845 757 3918 obsessos
778 3827 895 3940 possit
913 3844 1127 3916 concredere
1146 3869 1283 3917 muros.

398 3961 536 4030 Interea
556 3959 693 4031 Aeneas
714 3960 832 4033 socios
849 3961 895 4031 de
915 3960 1106 4054 puppibus
1123 3960 1204 4030 altis

340 4073 518 4145 Pontibus
537 4075 688 4167 exponit
711 4103 718 4144 :
748 4077 854 4147 multi
876 4098 1009 4147 servare
1028 4097 1187 4146 recursus

339 4183 562 4285 Languentis
582 4187 720 4287 pelagi,
747 4210 782 4262 et
799 4189 968 4260 brevibus
984 4213 1021 4259 se
1041 4189 1180 4261 credere
1199 4191 1309 4262 saltur

340 4304 406 4373 Per
424 4326 543 4373 remos
561 4303 632 4374 alii.
675 4306 878 4398 speculatus
896 4305 1000 4373 litora
1021 4304 1161 4393 Tarc0,

340 4416 426 4523 Qua
443 4417 534 4486 vada
552 4442 629 4488 non
651 4421 805 4512 spirant,
826 4435 892 4490 nec
911 4418 1016 4489 fracta
1034 4437 1270 4493 remurmurat
1286 4419 1407 4517 unda,
1463 4471 1468 4483 .-

339 4529 410 4604 sed
427 4557 525 4603 mare
545 4532 766 4607 inoffensum
786 4535 953 4607 crescenti
973 4534 1150 4608 adlabitur
1165 4551 1288 4618 aestu;

113 5093 416 5566 a
