3750 6217
878 730 977 805 es
1196 724 2237 802 GEoRelcON
2354 724 2478 796 11.
2592 726 2941 821 v·,3⁵3·

871 894 1393 985 Fraxineasque
1427 910 1661 986 aptare
1701 891 1912 964 sudes
1942 946 1963 981 ‚
2009 889 2381 986 furcasque
2418 888 2717 962 valentis
2745 913 2762 955 ε

870 1009 1168 1082 Viribus
1206 1007 1378 1077 eniti
1419 1032 1724 1100 quarum
1748 1060 1771 1096 ‚
1807 1025 1879 1079 et
1915 1024 2373 1078 contemnere
2405 1021 2661 1077 ventos

869 1125 1310 1205 Adsuescant
1332 1176 1353 1209 ,
1409 1146 1872 1216 summasque
1918 1122 2120 1217 sequi
2156 1122 2468 1193 tabulata
2506 1145 2634 1216 per
2665 1120 2930 1192 ulmos.

985 1238 1090 1310 Ac
1113 1293 1133 1328 ,
1178 1238 1360 1308 dum
1394 1237 1627 1332 prima
1663 1239 1874 1311 novis
1912 1239 2257 1310 adolescit
2290 1236 2668 1309 frondibus
2702 1252 2931 1329 aetas„

873 1352 1318 1426 Parcendum
1355 1353 1613 1423 teneris
1656 1382 1672 1420 z
1732 1372 1803 1424 et
1840 1352 2020 1424 dum
2058 1364 2130 1426 se
2169 1355 2395 1424 laetus
2433 1351 2531 1423 ad
2568 1376 2766 1423 amas

872 1471 1153 1542 Palmes
1194 1467 1337 1564 agit
1368 1521 1390 1557 ‚
1429 1468 1609 1539 laxis
1637 1493 1763 1563 per
1801 1480 2065 1563 purum
2101 1469 2438 1540 inmissus
2470 1466 2807 1553 habenis,

871 1585 1042 1680 Ipsa
1078 1583 1226 1654 acie
1267 1582 1603 1652 nondum
1641 1582 1840 1655 falcis
1878 1583 2251 1671 tentanda,
2298 1581 2422 1653 sed
2460 1582 2665 1653 uncis

873 1696 1291 1793 Carpendae
1328 1695 1664 1768 manibus
1698 1695 2021 1786 frondes,
2068 1698 2390 1791 interque
2426 1694 2784 1793 legendae.

873 1815 1060 1886 Inde
1091 1813 1221 1884 ubi
1252 1813 1407 1911 jam
1444 1810 1699 1888 validis
1732 1815 2105 1907 amplexae
2144 1812 2482 1907 stirpibus
2520 1812 2766 1880 ulmos

873 1929 1195 2000 Exierint
1221 1983 1241 2018 ,
1283 1947 1442 2000 tum
1480 1928 1736 2025 stringe
1775 1952 2021 1999 comas
2044 1982 2065 2017 ‚
2108 1946 2268 1999 tum
2306 1925 2587 1997 brachia
2625 1923 2871 1996 tonde.

874 2043 1064 2116 Ante
1102 2040 1569 2113 reformidant
1606 2040 1867 2113 ferrum
1912 2070 1929 2111 ε
1986 2063 2145 2115 tum
2182 2042 2494 2136 denique
2532 2040 2709 2111 dura

874 2158 1135 2235 Exerce
1177 2157 1520 2251 imperia,
1565 2176 1635 2229 et
1667 2183 1906 2231 ramos
1944 2182 2296 2253 conpesce
2331 2156 2633 2227 fluentis,

987 2270 1373 2345 Texendae
1414 2297 1616 2366 sepes
1657 2275 1873 2346 etiam
1899 2329 1920 2363 ,
1963 2292 2033 2346 et
2064 2299 2284 2369 pecus
2330 2296 2550 2344 omne
2590 2270 3019 2342 tenendum:

875 2389 1265 2484 Praecipue
1303 2387 1483 2466 dum
1518 2385 1714 2461 frons
1750 2406 1989 2460 tenera
2027 2388 2558 2483 inprudensque
2596 2386 2965 2461 laborum:

875 2504 1014 2574 Cui
1042 2556 1065 2593 ,
1111 2528 1319 2598 super
1357 2503 1684 2602 indignas
1716 2504 1993 2577 hiemes
2026 2506 2402 2598 solemque
2430 2520 2816 2598 potentem
2845 2555 2869 2593 ,

873 2618 1231 2691 Silvestres
1267 2617 1374 2688 uri
1406 2618 1700 2690 adsidue
1739 2645 2170 2714 capreaeque
2206 2644 2540 2714 sequaces
2644 2658 2653 2669 ·

873 2733 1270 2822 Inludunt‚
1312 2751 1697 2827 pascuntur
1738 2759 1909 2806 oves
1946 2735 2336 2830 avidaeque
2367 2737 2730 2833 juvencae.

871 2848 1157 2948 Frigora
1195 2873 1327 2919 nec
1359 2867 1645 2921 tantum
1685 2874 1857 2922 cana
1898 2870 2222 2923 concreta
2259 2851 2548 2945 pruina,

871 2963 1023 3035 Aut
1056 2965 1295 3063 gravis·
1318 2965 1742 3039 incumbens
1779 2968 2100 3062 scopulis
2133 2965 2489 3039 arentibus
2523 2983 2744 3037 aestas
2764 3017 2788 3054 ,

874 3078 1264 3183 Quantum
1304 3082 1411 3151 illi
1451 3107 1757 3154 nocuere
1795 3108 2032 3183 greges
2060 3137 2083 3172 ‚
2123 3083 2430 3177 durique
2470 3105 2835 3152 venenum

872 3191 1173 3282 Dentis,
1210 3214 1282 3267 et
1320 3196 1657 3269 admorso
1708 3198 1978 3294 signata
2025 3200 2100 3271 in
2141 3200 2356 3293 stirpe
2394 3197 2695 3271 cicatrix.

873 3307 1052 3377 Non
1095 3309 1310 3383 aliam
1363 3309 1461 3378 ob
1506 3314 1796 3404 culpam
1838 3310 2113 3382 Baccho
2165 3336 2374 3406 caper
2415 3310 2761 3386 omnibus
2801 3309 2935 3386 aris

874 3420 1255 3510 Caeditur,
1291 3439 1362 3493 et
1395 3441 1660 3495 veteres
1698 3424 1951 3495 ineunt
1997 3428 2369 3519 proscenia
2399 3429 2600 3499 ludi:

847 3527 1340 3637 'Praemiaque
1379 3538 1684 3634 ingeniis
1721 3563 1946 3636 pagos
1986 3559 2057 3610 et
2091 3543 2411 3636 compita
2450 3543 2718 3622 circum
2793 3624 2808 3640 „-

874 3650 1231 3729 Thesidae
1264 3675 1568 3745 posuere
1614 3680 1630 3722 2
1690 3671 1909 3746 atque
1948 3654 2129 3725 inter
2166 3659 2428 3751 pocula
2464 3658 2632 3729 laeti

872 3765 1232 3845 Mollibus
1272 3767 1347 3836 in
1386 3769 1600 3862 pratis
1639 3787 1900 3841 unctos
1945 3771 2207 3843 saluere
2248 3797 2376 3866 per
2408 3791 2614 3850 utres-

877 3884 1217 3952 Necnon
1257 3884 1557 3952 Ausonii
1641 3884 1854 3955 Troi
1917 3920 1945 3945 1
2198 3888 2210 3900 ⁴
2646 3888 2662 3900 “
