3750 6217
392 665 468 758 318
587 659 1034 734 Aruernos
1093 659 1169 730 lx,
1227 678 1261 730 v.
1310 679 1401 755 292.

388 823 489 896 Tum
510 826 561 898 sic
582 826 727 898 allaturi

354 925 364 948 ⁰
387 941 562 1039 Spondeo
580 942 688 1040 digna
706 943 777 1014 tuis
798 931 1002 1041 ingentibus
1021 939 1144 1012 omnia
1162 940 1312 1034 coeptis.

388 1057 560 1152 Namque
578 1058 642 1127 erit
659 1058 721 1129 ista
741 1059 832 1128 mihi
850 1056 1027 1156 genetrix,
1046 1079 1257 1148 nomenque
1275 1053 1427 1130 Creiisae

387 1173 518 1247 Solum
533 1172 706 1262 defuerit,
731 1199 797 1244 nec
814 1191 959 1269 partum
978 1172 1084 1268 gratia
1102 1172 1210 1243 talem

389 1290 497 1361 Parva
516 1305 659 1366 manet;
685 1313 785 1362 casus
803 1288 935 1360 factrrm
955 1288 1177 1381 quicumque
1198 1304 1399 1380 sequentur.

387 1405 456 1476 Per
473 1422 580 1498 caput
596 1406 667 1475 hoc
681 1406 786 1501 juro,
811 1429 875 1499 per
894 1402 996 1497 quod
1013 1421 1111 1497 pater
1128 1422 1210 1474 ante
1230 1398 1390 1473 solebat:

388 1519 496 1624 Quae
513 1519 579 1593 tibi
598 1520 776 1613 polliceor
794 1519 938 1606 reduci,
963 1517 1142 1611 rebusque
1162 1517 1350 1606 secundis,

387 1635 488 1707 Haec
508 1635 634 1705 eadem
652 1637 831 1728 matrique
850 1652 931 1706 tuae
951 1635 1143 1731 generique
1162 1632 1368 1704 manebunt.

386 1750 447 1823 Sic
464 1751 514 1822 ait
533 1751 786 1822 inlacrimans:
815 1752 968 1821 humero
990 1748 1099 1820 simul
1120 1751 1218 1820 exuit
1235 1772 1358 1820 ensem

386 1865 589 1955 Auratum,
610 1866 701 1938 mira
718 1891 829 1960 quem
849 1864 978 1937 fecerat
997 1883 1069 1936 arte
1089 1864 1237 1959 Lycaon

388 1983 574 2069 Gnosius,
596 2000 703 2075 atque
719 1981 879 2051 habilem
898 1980 1026 2076 vagina
1043 1999 1176 2074 aptarat
1194 1973 1336 2051 ebuma.

388 2097 461 2170 Dat
479 2097 570 2167 Niso
592 2095 801 2168 Mnestheus
817 2097 953 2190 pellem
970 2095 1217 2190 horrentisque
1232 2079 1353 2167 leonis

387 2212 543 2283 Exuvias
563 2239 571 2278 i
600 2213 738 2308 galeam
758 2211 851 2281 fidus
868 2226 1049 2305 permutat
1066 2208 1195 2282 Aletes.

387 2323 557 2399 Protinus
576 2326 700 2396 armati
719 2325 892 2397 incedunt
912 2352 920 2392 :
951 2349 1045 2417 quos
1064 2327 1186 2399 omnis
1205 2325 1323 2398 euntis

389 2441 594 2512 Primorum
614 2466 743 2514 manus
762 2441 808 2512 ad
827 2460 949 2536 portas
960 2443 1210 2539 juvenumque
1230 2462 1434 2536 senumque

388 2555 619 2649 Prosequitur
637 2557 742 2629 votis.
781 2580 944 2627 necnon
963 2575 998 2627 et
1014 2557 1161 2651 pulcher
1182 2558 1304 2646 Iiilus,

386 2671 482 2744 Ante
497 2696 612 2743 annos
631 2672 870 2766 animumque
890 2695 1013 2771 gerens
1031 2697 1226 2767 curamque
1245 2672 1407 2764 virilem,

387 2786 503 2859 Multa
523 2788 612 2882 patri
630 2787 805 2884 portanda
825 2787 933 2858 dabat
950 2787 1137 2867 mandam
1160 2788 1224 2860 sed
1238 2812 1342 2858 aurae

387 2903 525 2975 Omnia
542 2902 771 2999 discerpunt,
795 2921 832 2975 et
850 2901 1009 2974 nubibus
1028 2902 1131 2973 inrita
1149 2903 1297 2976 donant

445 3018 582 3118 Egressi
603 3039 768 3114 superant
785 3018 919 3108 fossas,
941 3016 1132 3110 noctisque
1148 3044 1213 3113 per
1232 3017 1399 3090 umbram

387 3132 507 3207 Castra
527 3136 673 3206 inimica
690 3152 843 3229 petunt,
866 3133 991 3205 multis
1008 3152 1130 3205 tamen
1150 3154 1231 3207 ante
1249 3134 1357 3206 futuri

386 3247 516 3320 Exitio.
557 3251 692 3345 passim
713 3273 844 3321 somno
864 3250 1025 3342 vinoque
1041 3274 1105 3343 per
1122 3249 1269 3320 herbam

387 3363 552 3457 Corpora
571 3363 648 3435 fusa
664 3365 810 3453 vident,
835 3365 995 3436 adrectos
1015 3366 1119 3435 litore
1139 3390 1277 3455 currus,

385 3461 485 3549 Inter
503 3479 578 3550 lora
595 3498 761 3571 rotasque
775 3481 870 3551 viros
885 3510 893 3561 ;
918 3479 1028 3549 simul
1048 3506 1145 3550 arma
1159 3484 1291 3578 jacere,

386 3593 483 3664 Vina
504 3594 622 3666 simul.
659 3596 757 3689 prior
774 3594 984 3688 Hyrtacides
1002 3595 1050 3666 sic
1073 3621 1132 3667 ore
1152 3598 1318 3667 locutus:

385 3709 557 3804 Euryale,
578 3709 787 3782 audendum
808 3710 936 3782 dextra
978 3735 1076 3781 nunc
1097 3712 1175 3805 ipsa
1193 3730 1298 3781 vocat
1317 3734 1380 3783 res.

385 3825 462 3897 Hac
482 3828 546 3899 iter
565 3846 644 3926 est..
668 3845 731 3916 tu,
751 3851 798 3897 ne
818 3852 890 3919 qua
910 3850 1039 3897 manus
1058 3852 1094 3898 se
1109 3827 1281 3899 adtollere
1300 3825 1409 3899 nobis

384 3939 416 4011 A
435 3960 535 4040 tergo
554 3944 695 4036 possit,
720 3941 880 4031 custodi,
902 3960 939 4012 et
958 3943 1106 4012 consule
1127 3943 1244 4039 longe.

383 4055 481 4129 Haec
499 4084 566 4155 ego
586 4073 681 4127 vasta
700 4056 817 4147 dabo,
845 4076 880 4128 et
899 4059 973 4129 lato
994 4074 1030 4126 te
1050 4058 1165 4128 limite
1186 4059 1326 4129 ducam.

382 4170 440 4241 Sic
460 4190 660 4258 memorat,
682 4197 885 4265 vocemque
905 4173 1037 4265 premit
1056 4202 1064 4251 ;
1093 4173 1202 4244 simul
1222 4198 1305 4245 cnse
1324 4170 1525 4266 superbum

382 4286 622 4357 Rhamnetem
642 4282 863 4385 adgreditur,
885 4288 949 4380 qui
969 4286 1060 4358 forte
1080 4288 1262 4383 tapetibus
1282 4287 1362 4361 altis

380 4401 588 4476 Exstructus
606 4420 687 4475 toto
708 4401 886 4497 proflabat
907 4421 1050 4497 pectore
1072 4429 1268 4482 somnum;

380 4516 459 4589 Rex
479 4517 600 4611 idem,
620 4537 656 4592 et
674 4518 747 4618 regi
766 4516 892 4589 Turno
912 4518 1129 4618 gratissimus
1147 4545 1279 4619 augur:
