<?xml version="1.0" encoding="UTF-8"?>
<!DOCTYPE html PUBLIC "-//W3C//DTD XHTML 1.0 Transitional//EN"
    "http://www.w3.org/TR/xhtml1/DTD/xhtml1-transitional.dtd">
<html xmlns="http://www.w3.org/1999/xhtml" xml:lang="en" lang="en">
 <head>
  <title>
</title>
<meta http-equiv="Content-Type" content="text/html;charset=utf-8" />
  <meta name='ocr-system' content='tesseract 3.04.00' />
  <meta name='ocr-capabilities' content='ocr_page ocr_carea ocr_par ocr_line ocrx_word'/>
</head>
<body>
  <div class='ocr_page' id='page_1' title='image "./publiivirgiliim00brungoog_0226.png"; bbox 0 0 3750 6217; ppageno 0'>
   <div class='ocr_carea' id='block_1_1' title="bbox 541 751 1559 866">
    <p class='ocr_par' dir='ltr' id='par_1_1' title="bbox 541 751 1559 866">
     <span class='ocr_line' id='line_1_1' title="bbox 541 751 1559 866; baseline 0.003 -40"><span class='ocrx_word' id='word_1_1' title='bbox 541 751 988 826; x_wconf 73' lang='lat' dir='ltr'>AENE&#39;IDOS</span> <span class='ocrx_word' id='word_1_2' title='bbox 1042 753 1091 827; x_wconf 63' lang='lat' dir='ltr'>V„</span> <span class='ocrx_word' id='word_1_3' title='bbox 1149 780 1182 828; x_wconf 67' lang='lat' dir='ltr'>v»</span> <span class='ocrx_word' id='word_1_4' title='bbox 1237 760 1325 831; x_wconf 63' lang='lat'>1602</span> <span class='ocrx_word' id='word_1_5' title='bbox 1455 779 1559 866; x_wconf 29' lang='lat' dir='ltr'>aaa.⁵</span> 
     </span>
    </p>
   </div>
   <div class='ocr_carea' id='block_1_2' title="bbox 333 919 1432 4008">
    <p class='ocr_par' dir='ltr' id='par_1_2' title="bbox 333 919 1323 1130">
     <span class='ocr_line' id='line_1_2' title="bbox 334 919 1323 1030; baseline -0.003 -36"><span class='ocrx_word' id='word_1_6' title='bbox 334 923 464 1030; x_wconf 82' lang='lat' dir='ltr'>Quom</span> <span class='ocrx_word' id='word_1_7' title='bbox 484 920 652 1016; x_wconf 90' lang='lat' dir='ltr'>princeps</span> <span class='ocrx_word' id='word_1_8' title='bbox 675 919 872 1014; x_wconf 80' lang='lat' dir='ltr'>medioque</span> <span class='ocrx_word' id='word_1_9' title='bbox 890 919 986 1015; x_wconf 84' lang='lat' dir='ltr'><strong>Gyas</strong></span> <span class='ocrx_word' id='word_1_10' title='bbox 1005 921 1194 1020; x_wconf 81' lang='lat' dir='ltr'>ingurgito</span> <span class='ocrx_word' id='word_1_11' title='bbox 1211 921 1323 1006; x_wconf 86' lang='lat' dir='ltr'>victor</span> 
     </span>
     <span class='ocr_line' id='line_1_3' title="bbox 333 1035 1178 1130; baseline -0.008 -19"><span class='ocrx_word' id='word_1_12' title='bbox 333 1039 523 1111; x_wconf 82' lang='lat' dir='ltr'>Rectorem</span> <span class='ocrx_word' id='word_1_13' title='bbox 542 1036 642 1107; x_wconf 86' lang='lat' dir='ltr'>navis</span> <span class='ocrx_word' id='word_1_14' title='bbox 658 1037 840 1130; x_wconf 88' lang='lat' dir='ltr'>conpellat</span> <span class='ocrx_word' id='word_1_15' title='bbox 858 1060 947 1106; x_wconf 90' lang='lat' dir='ltr'>voce</span> <span class='ocrx_word' id='word_1_16' title='bbox 964 1035 1178 1109; x_wconf 83' lang='lat' dir='ltr'><strong>Menoeten:</strong></span> 
     </span>
    </p>

    <p class='ocr_par' dir='ltr' id='par_1_3' title="bbox 334 1150 1397 1941">
     <span class='ocr_line' id='line_1_4' title="bbox 335 1150 1378 1259; baseline -0.003 -34"><span class='ocrx_word' id='word_1_17' title='bbox 335 1152 424 1259; x_wconf 84' lang='lat' dir='ltr'>Quo</span> <span class='ocrx_word' id='word_1_18' title='bbox 444 1158 586 1225; x_wconf 79' lang='lat' dir='ltr'>&#39;tanurm</span> <span class='ocrx_word' id='word_1_19' title='bbox 602 1151 693 1222; x_wconf 90' lang='lat' dir='ltr'>mihi</span> <span class='ocrx_word' id='word_1_20' title='bbox 711 1151 833 1224; x_wconf 82' lang='lat' dir='ltr'>dexter</span> <span class='ocrx_word' id='word_1_21' title='bbox 851 1150 928 1223; x_wconf 89' lang='lat' dir='ltr'>abis</span> <span class='ocrx_word' id='word_1_22' title='bbox 946 1151 963 1221; x_wconf 86' lang='lat'>?</span> <span class='ocrx_word' id='word_1_23' title='bbox 992 1151 1062 1237; x_wconf 87' lang='lat' dir='ltr'>huc</span> <span class='ocrx_word' id='word_1_24' title='bbox 1080 1151 1190 1250; x_wconf 83' lang='lat' dir='ltr'>dirige</span> <span class='ocrx_word' id='word_1_25' title='bbox 1211 1174 1378 1249; x_wconf 74' lang='lat' dir='ltr'>gressumt</span> 
     </span>
     <span class='ocr_line' id='line_1_5' title="bbox 334 1266 1350 1365; baseline -0.002 -25"><span class='ocrx_word' id='word_1_26' title='bbox 334 1267 439 1341; x_wconf 90' lang='lat' dir='ltr'>Litus</span> <span class='ocrx_word' id='word_1_27' title='bbox 457 1293 561 1356; x_wconf 88' lang='lat' dir='ltr'>arna,</span> <span class='ocrx_word' id='word_1_28' title='bbox 581 1283 617 1337; x_wconf 92' lang='lat' dir='ltr'>et</span> <span class='ocrx_word' id='word_1_29' title='bbox 635 1269 749 1339; x_wconf 69' lang='lat' dir='ltr'>laevas</span> <span class='ocrx_word' id='word_1_30' title='bbox 768 1267 911 1365; x_wconf 86' lang='lat' dir='ltr'>stringat</span> <span class='ocrx_word' id='word_1_31' title='bbox 932 1266 1007 1337; x_wconf 89' lang='lat' dir='ltr'>sine</span> <span class='ocrx_word' id='word_1_32' title='bbox 1028 1267 1189 1361; x_wconf 89' lang='lat' dir='ltr'>palmula</span> <span class='ocrx_word' id='word_1_33' title='bbox 1208 1285 1350 1346; x_wconf 71' lang='lat' dir='ltr'>cautesa</span> 
     </span>
     <span class='ocr_line' id='line_1_6' title="bbox 337 1381 1282 1459; baseline 0 -5"><span class='ocrx_word' id='word_1_34' title='bbox 337 1382 465 1455; x_wconf 83' lang='lat' dir='ltr'>Altum</span> <span class='ocrx_word' id='word_1_35' title='bbox 485 1383 546 1453; x_wconf 88' lang='lat' dir='ltr'>alii</span> <span class='ocrx_word' id='word_1_36' title='bbox 565 1399 728 1459; x_wconf 77' lang='lat' dir='ltr'>teneant,</span> <span class='ocrx_word' id='word_1_37' title='bbox 754 1381 847 1452; x_wconf 83' lang='lat' dir='ltr'>dixit</span> <span class='ocrx_word' id='word_1_38' title='bbox 867 1410 875 1450; x_wconf 74' lang='grc' dir='ltr'><strong><em>ε</em></strong></span> <span class='ocrx_word' id='word_1_39' title='bbox 898 1381 961 1453; x_wconf 90' lang='lat' dir='ltr'>sed</span> <span class='ocrx_word' id='word_1_40' title='bbox 978 1405 1078 1452; x_wconf 81' lang='lat' dir='ltr'>caeca</span> <span class='ocrx_word' id='word_1_41' title='bbox 1095 1381 1282 1454; x_wconf 85' lang='lat' dir='ltr'>Menoetes</span> 
     </span>
     <span class='ocr_line' id='line_1_7' title="bbox 337 1496 1326 1595; baseline -0.005 -24"><span class='ocrx_word' id='word_1_42' title='bbox 337 1496 427 1571; x_wconf 81' lang='lat' dir='ltr'>Saxa</span> <span class='ocrx_word' id='word_1_43' title='bbox 445 1499 599 1586; x_wconf 60' lang='lat' dir='ltr'>timens,</span> <span class='ocrx_word' id='word_1_44' title='bbox 617 1522 761 1592; x_wconf 86' lang='lat' dir='ltr'>proram</span> <span class='ocrx_word' id='word_1_45' title='bbox 779 1498 897 1595; x_wconf 85' lang='lat' dir='ltr'>pelagi</span> <span class='ocrx_word' id='word_1_46' title='bbox 919 1497 1110 1590; x_wconf 87' lang='lat' dir='ltr'>detorquet</span> <span class='ocrx_word' id='word_1_47' title='bbox 1128 1496 1174 1567; x_wconf 81' lang='lat' dir='ltr'>ad</span> <span class='ocrx_word' id='word_1_48' title='bbox 1191 1496 1326 1586; x_wconf 30' lang='lat' dir='ltr'>undas-„¹</span> 
     </span>
     <span class='ocr_line' id='line_1_8' title="bbox 339 1609 1397 1718; baseline -0.001 -34"><span class='ocrx_word' id='word_1_49' title='bbox 339 1612 427 1718; x_wconf 78' lang='lat' dir='ltr'>Quo</span> <span class='ocrx_word' id='word_1_50' title='bbox 449 1614 608 1707; x_wconf 82' lang='lat' dir='ltr'>diversus¹</span> <span class='ocrx_word' id='word_1_51' title='bbox 625 1612 702 1686; x_wconf 88' lang='lat' dir='ltr'>abis</span> <span class='ocrx_word' id='word_1_52' title='bbox 727 1614 743 1684; x_wconf 76' lang='grc' dir='ltr'><strong>Ρ</strong></span> <span class='ocrx_word' id='word_1_53' title='bbox 773 1612 933 1700; x_wconf 90' lang='lat' dir='ltr'>iterum,</span> <span class='ocrx_word' id='word_1_54' title='bbox 966 1609 1051 1682; x_wconf 89' lang='lat' dir='ltr'>Pete</span> <span class='ocrx_word' id='word_1_55' title='bbox 1074 1636 1177 1700; x_wconf 85' lang='lat' dir='ltr'>saxa,</span> <span class='ocrx_word' id='word_1_56' title='bbox 1200 1610 1397 1703; x_wconf 74' lang='lat' dir='ltr'>Menoete,</span> 
     </span>
     <span class='ocr_line' id='line_1_9' title="bbox 339 1725 1362 1823; baseline 0.001 -25"><span class='ocrx_word' id='word_1_57' title='bbox 339 1726 438 1798; x_wconf 89' lang='lat' dir='ltr'>Cum</span> <span class='ocrx_word' id='word_1_58' title='bbox 460 1730 614 1800; x_wconf 87' lang='lat' dir='ltr'>clamore</span> <span class='ocrx_word' id='word_1_59' title='bbox 634 1726 730 1823; x_wconf 85' lang='lat' dir='ltr'>Gyas</span> <span class='ocrx_word' id='word_1_60' title='bbox 747 1725 933 1798; x_wconf 79' lang='lat' dir='ltr'>revocabat</span> <span class='ocrx_word' id='word_1_61' title='bbox 953 1753 961 1794; x_wconf 73' lang='grc' dir='ltr'><strong>ι</strong></span> <span class='ocrx_word' id='word_1_62' title='bbox 985 1744 1020 1797; x_wconf 88' lang='lat' dir='ltr'>et</span> <span class='ocrx_word' id='word_1_63' title='bbox 1037 1749 1117 1798; x_wconf 89' lang='lat' dir='ltr'>ecce</span> <span class='ocrx_word' id='word_1_64' title='bbox 1137 1725 1362 1799; x_wconf 85' lang='lat' dir='ltr'>Cloanthum</span> 
     </span>
     <span class='ocr_line' id='line_1_10' title="bbox 339 1840 1293 1941; baseline -0.002 -26"><span class='ocrx_word' id='word_1_65' title='bbox 339 1840 499 1939; x_wconf 83' lang='lat' dir='ltr'>Respicit</span> <span class='ocrx_word' id='word_1_66' title='bbox 517 1843 708 1914; x_wconf 82' lang='lat' dir='ltr'>instantem</span> <span class='ocrx_word' id='word_1_67' title='bbox 725 1861 845 1941; x_wconf 87' lang='lat' dir='ltr'>tergo,</span> <span class='ocrx_word' id='word_1_68' title='bbox 863 1860 899 1914; x_wconf 93' lang='lat' dir='ltr'>et</span> <span class='ocrx_word' id='word_1_69' title='bbox 913 1841 1085 1936; x_wconf 88' lang='lat' dir='ltr'>propiora</span> <span class='ocrx_word' id='word_1_70' title='bbox 1102 1859 1293 1913; x_wconf 87' lang='lat' dir='ltr'>tenentem.</span> 
     </span>
    </p>

    <p class='ocr_par' dir='ltr' id='par_1_4' title="bbox 340 1956 1299 2284">
     <span class='ocr_line' id='line_1_11' title="bbox 340 1956 1299 2052; baseline 0.002 -23"><span class='ocrx_word' id='word_1_71' title='bbox 340 1957 408 2030; x_wconf 91' lang='lat' dir='ltr'>llle</span> <span class='ocrx_word' id='word_1_72' title='bbox 428 1959 519 2031; x_wconf 85' lang='lat' dir='ltr'>inter</span> <span class='ocrx_word' id='word_1_73' title='bbox 536 1963 738 2052; x_wconf 79' lang='lat' dir='ltr'>navemque</span> <span class='ocrx_word' id='word_1_74' title='bbox 756 1956 856 2052; x_wconf 84' lang='lat' dir='ltr'>Gyae</span> <span class='ocrx_word' id='word_1_75' title='bbox 876 1958 1122 2052; x_wconf 90' lang='lat' dir='ltr'>scopulosque</span> <span class='ocrx_word' id='word_1_76' title='bbox 1140 1958 1299 2031; x_wconf 84' lang='lat' dir='ltr'>sonantis</span> 
     </span>
     <span class='ocr_line' id='line_1_12' title="bbox 340 2056 1263 2166; baseline -0.001 -21"><span class='ocrx_word' id='word_1_77' title='bbox 340 2070 447 2145; x_wconf 84' lang='lat' dir='ltr'>Radit</span> <span class='ocrx_word' id='word_1_78' title='bbox 465 2075 529 2146; x_wconf 89' lang='lat' dir='ltr'>iter</span> <span class='ocrx_word' id='word_1_79' title='bbox 545 2073 687 2148; x_wconf 88' lang='lat' dir='ltr'>laevom</span> <span class='ocrx_word' id='word_1_80' title='bbox 706 2073 871 2163; x_wconf 91' lang='lat' dir='ltr'>interior,</span> <span class='ocrx_word' id='word_1_81' title='bbox 894 2056 1090 2165; x_wconf 76' lang='lat' dir='ltr'>subitoque</span> <span class='ocrx_word' id='word_1_82' title='bbox 1106 2072 1263 2166; x_wconf 85' lang='lat' dir='ltr'>priorem</span> 
     </span>
     <span class='ocr_line' id='line_1_13' title="bbox 341 2184 1258 2284; baseline 0.004 -27"><span class='ocrx_word' id='word_1_83' title='bbox 341 2184 532 2278; x_wconf 85' lang='lat' dir='ltr'>Praeterit,</span> <span class='ocrx_word' id='word_1_84' title='bbox 555 2207 590 2259; x_wconf 91' lang='lat' dir='ltr'>et</span> <span class='ocrx_word' id='word_1_85' title='bbox 607 2189 711 2261; x_wconf 87' lang='lat' dir='ltr'>metis</span> <span class='ocrx_word' id='word_1_86' title='bbox 730 2202 827 2260; x_wconf 83' lang='lat' dir='ltr'>tenet</span> <span class='ocrx_word' id='word_1_87' title='bbox 845 2213 1000 2281; x_wconf 90' lang='lat' dir='ltr'>aequora</span> <span class='ocrx_word' id='word_1_88' title='bbox 1019 2205 1095 2284; x_wconf 87' lang='lat' dir='ltr'>tuta</span> <span class='ocrx_word' id='word_1_89' title='bbox 1111 2187 1258 2279; x_wconf 73' lang='lat' dir='ltr'>relictis¹</span> 
     </span>
    </p>

    <p class='ocr_par' dir='ltr' id='par_1_5' title="bbox 341 2300 1283 2402">
     <span class='ocr_line' id='line_1_14' title="bbox 341 2300 1283 2402; baseline 0.002 -29"><span class='ocrx_word' id='word_1_90' title='bbox 341 2300 441 2375; x_wconf 85' lang='lat' dir='ltr'>Tutn</span> <span class='ocrx_word' id='word_1_91' title='bbox 460 2329 544 2375; x_wconf 88' lang='lat' dir='ltr'>vero</span> <span class='ocrx_word' id='word_1_92' title='bbox 565 2304 691 2376; x_wconf 82' lang='lat' dir='ltr'>exarsit</span> <span class='ocrx_word' id='word_1_93' title='bbox 703 2304 828 2402; x_wconf 89' lang='lat' dir='ltr'>juveni</span> <span class='ocrx_word' id='word_1_94' title='bbox 846 2303 955 2374; x_wconf 93' lang='lat' dir='ltr'>dolor</span> <span class='ocrx_word' id='word_1_95' title='bbox 974 2302 1114 2375; x_wconf 85' lang='lat' dir='ltr'>ossibus</span> <span class='ocrx_word' id='word_1_96' title='bbox 1131 2302 1283 2400; x_wconf 83' lang='lat' dir='ltr'>ingenst</span> 
     </span>
    </p>

    <p class='ocr_par' dir='ltr' id='par_1_6' title="bbox 341 2416 1389 2628">
     <span class='ocr_line' id='line_1_15' title="bbox 341 2416 1389 2517; baseline 0.002 -28"><span class='ocrx_word' id='word_1_97' title='bbox 341 2416 417 2491; x_wconf 82' lang='lat' dir='ltr'>Nec</span> <span class='ocrx_word' id='word_1_98' title='bbox 437 2419 589 2491; x_wconf 88' lang='lat' dir='ltr'>lacrimis</span> <span class='ocrx_word' id='word_1_99' title='bbox 607 2443 744 2491; x_wconf 90' lang='lat' dir='ltr'>caruere</span> <span class='ocrx_word' id='word_1_100' title='bbox 763 2442 873 2517; x_wconf 90' lang='lat' dir='ltr'>genae</span> <span class='ocrx_word' id='word_1_101' title='bbox 895 2445 904 2487; x_wconf 77' lang='lat' dir='ltr'><strong><em>z</em></strong></span> <span class='ocrx_word' id='word_1_102' title='bbox 933 2432 1151 2517; x_wconf 82' lang='lat' dir='ltr'>segnemque</span> <span class='ocrx_word' id='word_1_103' title='bbox 1170 2416 1389 2514; x_wconf 83' lang='lat' dir='ltr'>Menoeten,</span> 
     </span>
     <span class='ocr_line' id='line_1_16' title="bbox 341 2524 1189 2628; baseline -0.001 -21"><span class='ocrx_word' id='word_1_104' title='bbox 341 2524 490 2607; x_wconf 90' lang='lat' dir='ltr'>Oblitus</span> <span class='ocrx_word' id='word_1_105' title='bbox 508 2533 718 2628; x_wconf 87' lang='lat' dir='ltr'>decorisque</span> <span class='ocrx_word' id='word_1_106' title='bbox 739 2535 794 2607; x_wconf 88' lang='lat' dir='ltr'>sui</span> <span class='ocrx_word' id='word_1_107' title='bbox 816 2534 1028 2627; x_wconf 76' lang='lat' dir='ltr'>sociumque</span> <span class='ocrx_word' id='word_1_108' title='bbox 1048 2532 1189 2621; x_wconf 84' lang='lat' dir='ltr'>salutis,</span> 
     </span>
    </p>

    <p class='ocr_par' dir='ltr' id='par_1_7' title="bbox 343 2644 1343 2975">
     <span class='ocr_line' id='line_1_17' title="bbox 343 2644 1343 2747; baseline 0.001 -28"><span class='ocrx_word' id='word_1_109' title='bbox 343 2649 389 2720; x_wconf 90' lang='lat' dir='ltr'>ln</span> <span class='ocrx_word' id='word_1_110' title='bbox 405 2664 500 2721; x_wconf 87' lang='lat' dir='ltr'>mare</span> <span class='ocrx_word' id='word_1_111' title='bbox 519 2649 752 2744; x_wconf 85' lang='lat' dir='ltr'>praecipitem</span> <span class='ocrx_word' id='word_1_112' title='bbox 768 2649 887 2747; x_wconf 85' lang='lat' dir='ltr'>puppi</span> <span class='ocrx_word' id='word_1_113' title='bbox 906 2647 1070 2719; x_wconf 85' lang='lat' dir='ltr'>deturbat</span> <span class='ocrx_word' id='word_1_114' title='bbox 1088 2644 1134 2718; x_wconf 92' lang='lat' dir='ltr'>ab</span> <span class='ocrx_word' id='word_1_115' title='bbox 1151 2649 1240 2739; x_wconf 56' lang='lat' dir='ltr'>alta„</span> <span class='ocrx_word' id='word_1_116' title='bbox 1337 2695 1343 2706; x_wconf 92' lang='lat'>·</span> 
     </span>
     <span class='ocr_line' id='line_1_18' title="bbox 346 2762 1232 2862; baseline -0.002 -28"><span class='ocrx_word' id='word_1_117' title='bbox 346 2765 428 2859; x_wconf 89' lang='lat' dir='ltr'>lpse</span> <span class='ocrx_word' id='word_1_118' title='bbox 446 2763 659 2862; x_wconf 83' lang='lat' dir='ltr'>gubernaclo</span> <span class='ocrx_word' id='word_1_119' title='bbox 679 2781 792 2836; x_wconf 87' lang='lat' dir='ltr'>rector</span> <span class='ocrx_word' id='word_1_120' title='bbox 810 2763 929 2851; x_wconf 69' lang='lat' dir='ltr'>subit,</span> <span class='ocrx_word' id='word_1_121' title='bbox 952 2762 1029 2857; x_wconf 85' lang='lat' dir='ltr'>ipse</span> <span class='ocrx_word' id='word_1_122' title='bbox 1048 2762 1232 2860; x_wconf 64' lang='lat' dir='ltr'>magister}</span> 
     </span>
     <span class='ocr_line' id='line_1_19' title="bbox 346 2877 1316 2975; baseline 0 -26"><span class='ocrx_word' id='word_1_123' title='bbox 346 2877 588 2971; x_wconf 88' lang='lat' dir='ltr'>Hortaturque</span> <span class='ocrx_word' id='word_1_124' title='bbox 607 2879 722 2967; x_wconf 69' lang='lat' dir='ltr'>viros,</span> <span class='ocrx_word' id='word_1_125' title='bbox 740 2878 955 2971; x_wconf 85' lang='lat' dir='ltr'>clavomque</span> <span class='ocrx_word' id='word_1_126' title='bbox 973 2877 1018 2948; x_wconf 91' lang='lat' dir='ltr'>ad</span> <span class='ocrx_word' id='word_1_127' title='bbox 1035 2878 1138 2947; x_wconf 89' lang='lat' dir='ltr'>litora</span> <span class='ocrx_word' id='word_1_128' title='bbox 1154 2882 1316 2975; x_wconf 54' lang='lat' dir='ltr'>torquet,</span> 
     </span>
    </p>

    <p class='ocr_par' dir='ltr' id='par_1_8' title="bbox 343 2990 1380 3427">
     <span class='ocr_line' id='line_1_20' title="bbox 346 2990 1324 3093; baseline 0.002 -28"><span class='ocrx_word' id='word_1_129' title='bbox 346 2992 395 3065; x_wconf 87' lang='lat' dir='ltr'>At</span> <span class='ocrx_word' id='word_1_130' title='bbox 411 2993 542 3092; x_wconf 83' lang='lat' dir='ltr'>gravis,</span> <span class='ocrx_word' id='word_1_131' title='bbox 563 3011 605 3064; x_wconf 89' lang='lat' dir='ltr'>ut</span> <span class='ocrx_word' id='word_1_132' title='bbox 621 2991 744 3071; x_wconf 85' lang='lat' dir='ltr'>fun&#39;do¹</span> <span class='ocrx_word' id='word_1_133' title='bbox 755 2993 817 3063; x_wconf 83' lang='lat' dir='ltr'>vix</span> <span class='ocrx_word' id='word_1_134' title='bbox 833 2991 986 3093; x_wconf 78' lang='lat' dir='ltr'>tandem</span> <span class='ocrx_word' id='word_1_135' title='bbox 997 2990 1154 3063; x_wconf 89' lang='lat' dir='ltr'>redditus</span> <span class='ocrx_word' id='word_1_136' title='bbox 1172 2992 1249 3088; x_wconf 86' lang='lat' dir='ltr'>imo</span> <span class='ocrx_word' id='word_1_137' title='bbox 1271 3002 1324 3067; x_wconf 81' lang='lat' dir='ltr'>est&#39;</span> 
     </span>
     <span class='ocr_line' id='line_1_21' title="bbox 343 3103 1380 3205; baseline 0.002 -26"><span class='ocrx_word' id='word_1_138' title='bbox 343 3107 426 3198; x_wconf 88' lang='lat' dir='ltr'>Jam</span> <span class='ocrx_word' id='word_1_139' title='bbox 448 3107 589 3195; x_wconf 89' lang='lat' dir='ltr'>senior,</span> <span class='ocrx_word' id='word_1_140' title='bbox 609 3107 826 3200; x_wconf 82' lang='lat' dir='ltr'>madidaque</span> <span class='ocrx_word' id='word_1_141' title='bbox 845 3103 962 3178; x_wconf 80' lang='lat' dir='ltr'>fluens</span> <span class='ocrx_word' id='word_1_142' title='bbox 980 3106 1019 3205; x_wconf 88' lang='lat' dir='ltr'>in</span> <span class='ocrx_word' id='word_1_143' title='bbox 1038 3125 1153 3196; x_wconf 90' lang='lat' dir='ltr'>veste,</span> <span class='ocrx_word' id='word_1_144' title='bbox 1171 3105 1380 3202; x_wconf 66' lang='lat' dir='ltr'>Menoetes,</span> 
     </span>
     <span class='ocr_line' id='line_1_22' title="bbox 346 3221 1289 3316; baseline 0.002 -22"><span class='ocrx_word' id='word_1_145' title='bbox 346 3221 496 3294; x_wconf 90' lang='lat' dir='ltr'>Summa</span> <span class='ocrx_word' id='word_1_146' title='bbox 513 3223 605 3315; x_wconf 90' lang='lat' dir='ltr'>petit</span> <span class='ocrx_word' id='word_1_147' title='bbox 624 3223 790 3316; x_wconf 56' lang='lat' dir='ltr'>scopuli,</span> <span class='ocrx_word' id='word_1_148' title='bbox 812 3224 974 3315; x_wconf 85' lang='lat' dir='ltr'>siccaque</span> <span class='ocrx_word' id='word_1_149' title='bbox 991 3222 1030 3291; x_wconf 91' lang='lat' dir='ltr'>in</span> <span class='ocrx_word' id='word_1_150' title='bbox 1046 3234 1134 3316; x_wconf 79' lang='lat' dir='ltr'>rupe</span> <span class='ocrx_word' id='word_1_151' title='bbox 1152 3222 1289 3296; x_wconf 79' lang='lat' dir='ltr'>resedit.</span> 
     </span>
     <span class='ocr_line' id='line_1_23' title="bbox 347 3334 1290 3427; baseline -0.001 -19"><span class='ocrx_word' id='word_1_152' title='bbox 347 3334 460 3409; x_wconf 91' lang='lat' dir='ltr'>lllum</span> <span class='ocrx_word' id='word_1_153' title='bbox 481 3356 516 3408; x_wconf 89' lang='lat' dir='ltr'>et</span> <span class='ocrx_word' id='word_1_154' title='bbox 535 3335 716 3410; x_wconf 82' lang='lat' dir='ltr'>labentem</span> <span class='ocrx_word' id='word_1_155' title='bbox 736 3335 885 3427; x_wconf 89' lang='lat' dir='ltr'>Teucri,</span> <span class='ocrx_word' id='word_1_156' title='bbox 907 3354 944 3408; x_wconf 87' lang='lat' dir='ltr'>et</span> <span class='ocrx_word' id='word_1_157' title='bbox 960 3339 1062 3409; x_wconf 85' lang='lat' dir='ltr'>risere</span> <span class='ocrx_word' id='word_1_158' title='bbox 1084 3346 1290 3409; x_wconf 63' lang='lat' dir='ltr'>natantem}</span> 
     </span>
    </p>

    <p class='ocr_par' dir='ltr' id='par_1_9' title="bbox 347 3449 1241 3548">
     <span class='ocr_line' id='line_1_24' title="bbox 347 3449 1241 3548; baseline 0.001 -25"><span class='ocrx_word' id='word_1_159' title='bbox 347 3452 393 3524; x_wconf 90' lang='lat' dir='ltr'>Et</span> <span class='ocrx_word' id='word_1_160' title='bbox 410 3453 520 3525; x_wconf 86' lang='lat' dir='ltr'>salso&#39;s</span> <span class='ocrx_word' id='word_1_161' title='bbox 536 3451 655 3523; x_wconf 91' lang='lat' dir='ltr'>rident</span> <span class='ocrx_word' id='word_1_162' title='bbox 673 3470 917 3525; x_wconf 89' lang='lat' dir='ltr'>revomentem</span> <span class='ocrx_word' id='word_1_163' title='bbox 940 3471 1086 3548; x_wconf 88' lang='lat' dir='ltr'>pectore</span> <span class='ocrx_word' id='word_1_164' title='bbox 1103 3449 1241 3525; x_wconf 76' lang='lat' dir='ltr'>flumas.</span> 
     </span>
    </p>

    <p class='ocr_par' dir='ltr' id='par_1_10' title="bbox 346 3555 1432 4008">
     <span class='ocr_line' id='line_1_25' title="bbox 347 3555 1234 3662; baseline 0.002 -24"><span class='ocrx_word' id='word_1_165' title='bbox 347 3556 415 3640; x_wconf 90' lang='lat' dir='ltr'>Hic</span> <span class='ocrx_word' id='word_1_166' title='bbox 435 3570 524 3639; x_wconf 90' lang='lat' dir='ltr'>laeta</span> <span class='ocrx_word' id='word_1_167' title='bbox 540 3567 707 3640; x_wconf 84' lang='lat' dir='ltr'>extremis</span> <span class='ocrx_word' id='word_1_168' title='bbox 725 3592 807 3662; x_wconf 85' lang='lat' dir='ltr'>spes</span> <span class='ocrx_word' id='word_1_169' title='bbox 826 3582 878 3640; x_wconf 84' lang='lat' dir='ltr'>&#39;est</span> <span class='ocrx_word' id='word_1_170' title='bbox 896 3567 1047 3640; x_wconf 85' lang='lat' dir='ltr'>adcensa</span> <span class='ocrx_word' id='word_1_171' title='bbox 1066 3555 1234 3658; x_wconf 88' lang='lat' dir='ltr'>duobus,</span> 
     </span>
     <span class='ocr_line' id='line_1_26' title="bbox 346 3682 1341 3784; baseline -0.001 -28"><span class='ocrx_word' id='word_1_172' title='bbox 346 3682 504 3784; x_wconf 84' lang='lat' dir='ltr'>Sergesto</span> <span class='ocrx_word' id='word_1_173' title='bbox 526 3682 797 3777; x_wconf 87' lang='lat' dir='ltr'>Mnestheique,</span> <span class='ocrx_word' id='word_1_174' title='bbox 820 3682 927 3779; x_wconf 84' lang='lat' dir='ltr'>Gyan</span> <span class='ocrx_word' id='word_1_175' title='bbox 944 3702 1105 3784; x_wconf 78' lang='lat' dir='ltr'>superare</span> <span class='ocrx_word' id='word_1_176' title='bbox 1126 3699 1341 3756; x_wconf 72' lang='lat' dir='ltr'>morantemr&#39;</span> 
     </span>
     <span class='ocr_line' id='line_1_27' title="bbox 347 3798 1432 3897; baseline -0.001 -26"><span class='ocrx_word' id='word_1_177' title='bbox 347 3798 525 3897; x_wconf 86' lang='lat' dir='ltr'>Sergestus</span> <span class='ocrx_word' id='word_1_178' title='bbox 544 3798 638 3892; x_wconf 82' lang='lat' dir='ltr'>capit</span> <span class='ocrx_word' id='word_1_179' title='bbox 654 3806 737 3871; x_wconf 84' lang='lat' dir='ltr'>&#39;ante</span> <span class='ocrx_word' id='word_1_180' title='bbox 755 3800 901 3889; x_wconf 88' lang='lat' dir='ltr'>locum,</span> <span class='ocrx_word' id='word_1_181' title='bbox 928 3799 1157 3893; x_wconf 82' lang='lat' dir='ltr'>scopuloque</span> <span class='ocrx_word' id='word_1_182' title='bbox 1176 3799 1398 3892; x_wconf 85' lang='lat' dir='ltr'>propinquat</span> <span class='ocrx_word' id='word_1_183' title='bbox 1409 3823 1432 3891; x_wconf 68' lang='lat' dir='ltr'>t·</span> 
     </span>
     <span class='ocr_line' id='line_1_28' title="bbox 349 3911 1220 4008; baseline -0.005 -24"><span class='ocrx_word' id='word_1_184' title='bbox 349 3911 425 3985; x_wconf 87' lang='lat' dir='ltr'>Nec</span> <span class='ocrx_word' id='word_1_185' title='bbox 445 3931 523 3984; x_wconf 90' lang='lat' dir='ltr'>tota</span> <span class='ocrx_word' id='word_1_186' title='bbox 537 3929 658 3984; x_wconf 87' lang='lat' dir='ltr'>tamen</span> <span class='ocrx_word' id='word_1_187' title='bbox 677 3914 739 3986; x_wconf 94' lang='lat' dir='ltr'>ille</span> <span class='ocrx_word' id='word_1_188' title='bbox 757 3914 856 4008; x_wconf 92' lang='lat' dir='ltr'>prior</span> <span class='ocrx_word' id='word_1_189' title='bbox 876 3932 1066 4008; x_wconf 90' lang='lat' dir='ltr'>praeeunte</span> <span class='ocrx_word' id='word_1_190' title='bbox 1086 3912 1220 3984; x_wconf 85' lang='lat' dir='ltr'>carina:</span> 
     </span>
    </p>
   </div>
   <div class='ocr_carea' id='block_1_3' title="bbox 350 4010 1378 4588">
    <p class='ocr_par' dir='ltr' id='par_1_11' title="bbox 350 4010 1363 4239">
     <span class='ocr_line' id='line_1_29' title="bbox 351 4010 1363 4124; baseline 0.001 -26"><span class='ocrx_word' id='word_1_191' title='bbox 351 4027 450 4099; x_wconf 89' lang='lat' dir='ltr'>Parte</span> <span class='ocrx_word' id='word_1_192' title='bbox 466 4027 565 4121; x_wconf 89' lang='lat' dir='ltr'>prior</span> <span class='ocrx_word' id='word_1_193' title='bbox 590 4054 598 4095; x_wconf 75' lang='grc' dir='ltr'><strong>ε</strong></span> <span class='ocrx_word' id='word_1_194' title='bbox 627 4047 764 4122; x_wconf 87' lang='lat' dir='ltr'>partem</span> <span class='ocrx_word' id='word_1_195' title='bbox 780 4048 894 4102; x_wconf 88' lang='lat' dir='ltr'>rostro</span> <span class='ocrx_word' id='word_1_196' title='bbox 914 4030 1047 4124; x_wconf 90' lang='lat' dir='ltr'>premit</span> <span class='ocrx_word' id='word_1_197' title='bbox 1065 4028 1205 4100; x_wconf 88' lang='lat' dir='ltr'>aemula</span> <span class='ocrx_word' id='word_1_198' title='bbox 1223 4010 1363 4119; x_wconf 24' lang='lat' dir='ltr'>Pristis..</span> 
     </span>
     <span class='ocr_line' id='line_1_30' title="bbox 350 4141 1170 4239; baseline -0.001 -23"><span class='ocrx_word' id='word_1_199' title='bbox 350 4143 398 4216; x_wconf 79' lang='lat' dir='ltr'>At</span> <span class='ocrx_word' id='word_1_200' title='bbox 417 4141 538 4214; x_wconf 82' lang='lat' dir='ltr'>media</span> <span class='ocrx_word' id='word_1_201' title='bbox 557 4143 676 4215; x_wconf 89' lang='lat' dir='ltr'>socios</span> <span class='ocrx_word' id='word_1_202' title='bbox 694 4143 862 4216; x_wconf 84' lang='lat' dir='ltr'>incedens</span> <span class='ocrx_word' id='word_1_203' title='bbox 881 4163 970 4216; x_wconf 79' lang='lat' dir='ltr'>nave</span> <span class='ocrx_word' id='word_1_204' title='bbox 988 4171 1051 4239; x_wconf 90' lang='lat' dir='ltr'>per</span> <span class='ocrx_word' id='word_1_205' title='bbox 1070 4145 1170 4238; x_wconf 87' lang='lat' dir='ltr'>ipsos</span> 
     </span>
    </p>

    <p class='ocr_par' dir='ltr' id='par_1_12' title="bbox 350 4247 1378 4588">
     <span class='ocr_line' id='line_1_31' title="bbox 350 4247 1378 4357; baseline 0 -25"><span class='ocrx_word' id='word_1_206' title='bbox 350 4257 521 4332; x_wconf 88' lang='lat' dir='ltr'>Hortatur</span> <span class='ocrx_word' id='word_1_207' title='bbox 537 4257 743 4332; x_wconf 90' lang='lat' dir='ltr'>Mnestheus</span> <span class='ocrx_word' id='word_1_208' title='bbox 761 4284 769 4328; x_wconf 79' lang='lat' dir='ltr'>t</span> <span class='ocrx_word' id='word_1_209' title='bbox 798 4256 926 4350; x_wconf 88' lang='lat' dir='ltr'>Nunc,</span> <span class='ocrx_word' id='word_1_210' title='bbox 944 4284 1042 4330; x_wconf 89' lang='lat' dir='ltr'>nunc</span> <span class='ocrx_word' id='word_1_211' title='bbox 1062 4247 1228 4357; x_wconf 88' lang='lat' dir='ltr'>insurgite</span> <span class='ocrx_word' id='word_1_212' title='bbox 1245 4259 1378 4355; x_wconf 85' lang='lat' dir='ltr'>remis,</span> 
     </span>
     <span class='ocr_line' id='line_1_32' title="bbox 351 4372 1233 4470; baseline -0.003 -22"><span class='ocrx_word' id='word_1_213' title='bbox 351 4374 516 4448; x_wconf 86' lang='lat' dir='ltr'>Hectorei</span> <span class='ocrx_word' id='word_1_214' title='bbox 540 4374 654 4454; x_wconf 74' lang='lat' dir='ltr'>socii3</span> <span class='ocrx_word' id='word_1_215' title='bbox 685 4372 821 4446; x_wconf 88' lang='lat' dir='ltr'>Troiae.</span> <span class='ocrx_word' id='word_1_216' title='bbox 835 4400 931 4470; x_wconf 90' lang='lat' dir='ltr'>quos</span> <span class='ocrx_word' id='word_1_217' title='bbox 952 4399 1044 4448; x_wconf 89' lang='lat' dir='ltr'>sorte</span> <span class='ocrx_word' id='word_1_218' title='bbox 1067 4398 1233 4469; x_wconf 86' lang='lat' dir='ltr'>suprema</span> 
     </span>
     <span class='ocr_line' id='line_1_33' title="bbox 352 4489 1199 4588; baseline -0.002 -25"><span class='ocrx_word' id='word_1_219' title='bbox 352 4490 477 4588; x_wconf 87' lang='lat' dir='ltr'>Delegi</span> <span class='ocrx_word' id='word_1_220' title='bbox 496 4491 671 4564; x_wconf 88' lang='lat' dir='ltr'>comites:</span> <span class='ocrx_word' id='word_1_221' title='bbox 700 4514 800 4564; x_wconf 91' lang='lat' dir='ltr'>nunc</span> <span class='ocrx_word' id='word_1_222' title='bbox 820 4492 898 4565; x_wconf 85' lang='lat' dir='ltr'>illas</span> <span class='ocrx_word' id='word_1_223' title='bbox 916 4490 1072 4587; x_wconf 90' lang='lat' dir='ltr'>promite</span> <span class='ocrx_word' id='word_1_224' title='bbox 1092 4489 1199 4578; x_wconf 88' lang='lat' dir='ltr'>vires,</span> 
     </span>
    </p>
   </div>
   <div class='ocr_carea' id='block_1_4' title="bbox 350 4602 1321 4789">
    <p class='ocr_par' dir='ltr' id='par_1_13' title="bbox 350 4602 1321 4789">
     <span class='ocr_line' id='line_1_34' title="bbox 350 4602 1316 4788; baseline -0.004 -111"><span class='ocrx_word' id='word_1_225' title='bbox 350 4605 457 4679; x_wconf 92' lang='lat' dir='ltr'>Nunc</span> <span class='ocrx_word' id='word_1_226' title='bbox 477 4607 637 4697; x_wconf 84' lang='lat' dir='ltr'>animos,</span> <span class='ocrx_word' id='word_1_227' title='bbox 662 4606 796 4702; x_wconf 73' lang='lat' dir='ltr'>quibus</span> <span class='ocrx_word' id='word_1_228' title='bbox 816 4607 859 4695; x_wconf 86' lang='lat' dir='ltr'>in¹</span> <span class='ocrx_word' id='word_1_229' title='bbox 877 4604 1038 4680; x_wconf 86' lang='lat' dir='ltr'>Gaetulis</span> <span class='ocrx_word' id='word_1_230' title='bbox 1057 4602 1316 4788; x_wconf 45' lang='lat' dir='ltr'>Syrtibulsqui,</span> 
     </span>
     <span class='ocr_line' id='line_1_35' title="bbox 1301 4740 1321 4789; baseline 0 0"><span class='ocrx_word' id='word_1_231' title='bbox 1301 4740 1321 4789; x_wconf 76' lang='lat' dir='ltr'>a</span> 
     </span>
    </p>
   </div>
   <div class='ocr_carea' id='block_1_5' title="bbox 0 0 1910 6212">
    <p class='ocr_par' dir='ltr' id='par_1_14' title="bbox 0 0 1910 6212">
     <span class='ocr_line' id='line_1_36' title="bbox 0 0 1910 6212; baseline 0 0"><span class='ocrx_word' id='word_1_232' title='bbox 0 0 1910 6212; x_wconf 95' lang='lat' dir='ltr'> </span> 
     </span>
    </p>
   </div>
  </div>
 </body>
</html>
