3750 6217
348 711 425 802 348
557 702 1010 796 AENEIDos
1067 703 1116 790 x.
1175 727 1209 775 v.
1258 723 1352 800 aar.

344 873 400 943 Ire
420 872 518 965 prior
536 871 667 960 Pallas,
691 873 718 944 si
739 897 812 966 qua
832 868 905 940 fors
923 869 1068 965 adjuvet
1085 894 1215 942 ausum

343 986 492 1058 Viribus
513 987 714 1080 inparihus;
739 1009 987 1084 magnumque
1006 984 1051 1055 ita
1072 984 1118 1055 ad
1137 986 1275 1056 aethera
1294 981 1407 1056 fatur:

343 1102 409 1172 Per
431 1103 539 1196 patris
558 1102 780 1194 hospitium,
806 1118 842 1171 et
862 1123 1024 1186 mensas,
1045 1124 1135 1191 quas
1155 1100 1291 1186 advena
1308 1099 1440 1188 adisti,

343 1218 398 1286 Te
420 1242 565 1311 precor,
586 1215 735 1302 Alcide,
758 1216 897 1308 coeptis
918 1214 1124 1311 ingentibus
1143 1215 1257 1286 adsis:

343 1331 473 1404 Cernat
494 1332 663 1403 semineci
685 1331 752 1402 sibi
770 1356 830 1400 me
848 1355 969 1424 rapere
988 1355 1084 1401 arma
1105 1348 1268 1421 cruenta,

341 1447 604 1539 Victoremque
627 1445 736 1516 ferant
755 1445 945 1524 metientia
967 1445 1106 1515 lumina
1124 1445 1250 1518 Tur'ni.

341 1560 468 1632 Audiit
486 1562 627 1632 Alcides
641 1566 836 1658 juvenem,
863 1584 1111 1656 magnumque
1130 1561 1197 1632 sub
1218 1561 1296 1631 imo

342 1677 461 1746 Corde
482 1678 613 1770 premit
631 1678 830 1774 gemitum,
856 1676 1091 1767 lacrimasque
1112 1675 1263 1746 effundit
1283 1676 1409 1749 inanis.

342 1793 440 1862 Tum
461 1792 612 1864 Genitor
629 1811 755 1862 natum
777 1790 881 1862 dictis
901 1788 1040 1860 adfatur
1056 1791 1202 1861 amicis:

342 1906 416 1978 Stat
438 1933 498 1977 sua
520 1908 652 1999 cuique
673 1906 775 1976 dies:
805 1905 910 1975 breve
929 1924 965 1975 et
985 1905 1218 1999 inreparabile
1234 1926 1383 2000 tempus

341 2023 527 2094 Omnibus
547 2040 598 2091 est
614 2023 732 2091 vitae:
764 2021 826 2092 sed
847 2020 982 2090 famam
1003 2020 1192 2094 extendere
1212 2019 1331 2110 factiS,
1387 2041 1390 2046 '

340 2137 423 2208 lloc
443 2138 580 2206 virtutis
602 2162 705 2229 opus.
747 2135 877 2206 Troiae
896 2135 1181 2207 sub-moenibus
1196 2137 1277 2209 altis

341 2253 417 2324 Tot
437 2253 532 2349 gnati
554 2252 709 2322 cecidere
728 2251 838 2320 deum
858 2277 866 2318 z
897 2250 988 2342 quin
1008 2251 1140 2322 occidit
1160 2276 1231 2321 una

339 2365 551 2460 Sarpedon,
575 2392 655 2435 mea
674 2365 873 2463 progenies.
914 2366 1023 2436 etiarn
1044 2389 1104 2435 sua
1123 2365 1293 2438 Turnum

340 2481 423 2551 Fata
441 2479 594 2567 vocant,
617 2499 803 2572 metasque
823 2479 896 2551 dati
917 2480 1078 2573 pervenit
1097 2480 1142 2551 ad
1160 2482 1246 2552 aeri.

339 2595 397 2665 Sic
415 2596 480 2682 ait,
503 2612 612 2686 atque
633 2597 760 2665 oculos
780 2594 1001 2674 Rutulontm
1021 2596 1133 2690 rejicit
1148 2597 1247 2670 arvis

338 2710 387 2781 At
408 2710 522 2781 l’allas
541 2711 679 2806 maguis
699 2710 832 2781 emittit
847 2708 981 2779 viribus
1002 2709 1162 2800 hastam,

337 2823 553 2924 Vaginaque
573 2849 654 2894 cava
673 2824 872 2922 fulgentem
894 2824 1025 2917 deripit
1045 2849 1179 2904 ensem.

338 2940 406 3010 Illa
426 2942 575 3027 volans,
598 2939 755 3010 humeris
776 2956 922 3038 surgunt
944 2964 1014 3031 qua
1033 2943 1190 3038 tegmina
1211 2968 1380 3035 summa,

338 3056 492 3142 Incidit,
518 3073 626 3147 atque
645 3055 741 3124 viam
762 3055 869 3147 clipei
887 3055 1016 3125 molita
1037 3080 1219 3147 perorat,

337 3169 504 3239 Tandem
521 3169 627 3238 eti-am
649 3194 782 3265 magno
805 3170 944 3241 strimrit
961 3169 1006 3240 de
1027 3194 1176 3264 corpore
1193 3172 1319 3245 Turni.

338 3279 406 3353 Hic
426 3284 571 3356 Turnus
594 3282 682 3353 ferro
705 3284 903 3375 praefixum
925 3285 1033 3355 robur
1053 3306 1159 3356 acuto

338 3399 382 3466 Iu
404 3399 564 3473 Pallanta
586 3400 649 3467 diu
674 3399 804 3470 librans
819 3400 931 3496 jacit,
958 3420 1067 3492 atque
1093 3402 1136 3471 ita
1160 3401 1271 3473 satur:

336 3512 515 3605 Adspice,
542 3538 629 3581 num
650 3539 752 3609 mage
777 3516 821 3584 sit
841 3533 1004 3585 nostrum
1023 3517 1242 3609 penetrabile
1265 3521 1391 3592 telum.

337 3626 482 3699 Dixerat
499 3658 506 3705 ;
530 3648 565 3699 at
588 3630 769 3721 clipeum,
791 3647 846 3699 tot
863 3628 941 3698 ferri
961 3649 1074 3727 terga.
1097 3649 1152 3702 tot
1170 3635 1278 3722 aeris,

337 3742 458 3848 Quem
480 3745 587 3838 pellis,
605 3745 737 3814 totiens
761 3745 868 3815 obeat
890 3745 1109 3830 circumdata
1129 3749 1241 3837 tauri,

334 3858 500 3929 Vibranti
521 3860 685 3939 med-ium
708 3859 826 3952 cuspis
848 3861 1099 3931 transverberat
1123 3861 1216 3950 ictu,

336 3973 555 4065 Loricaeque
580 4000 697 4044 moras
719 3993 753 4043 et
774 3994 898 4066 pectus
922 3974 1077 4066 perforat
1099 3978 1233 4072 ingens,

336 4088 403 4155 Ille
427 4090 518 4179 rapit
539 4088 696 4157 calidum
719 4087 839 4159 frustra
862 4090 906 4159 de
931 4091 1077 4161 volnere
1099 4095 1235 4162 telum:

335 4200 414 4271 Una
434 4202 634 4294 eademque
657 4204 710 4271 via
737 4204 875 4299 sanguis
896 4204 1112 4297 animusque
1132 4227 1339 4299 sequuntur.

335 4315 490 4397 Conruit
514 4317 548 4388 iu
570 4319 730 4388 volnus:
762 4320 924 4388 sonitum
949 4343 1053 4411 super
1075 4346 1171 4391 arma
1194 4323 1343 4393 dedere:

335 4432 379 4501 Et
399 4448 525 4500 terram
547 4433 715 4501 hostilem
737 4435 897 4520 moriens
919 4436 1010 4526 petit
1030 4459 1089 4506 ore
1113 4458 1273 4519 cruento.

336 4546 458 4650 Quem
481 4547 626 4618 Turnus
649 4571 753 4641 super
775 4549 970 4624 adsistens:
