3750 6217
511 710 1330 794 a‘ENEIDOSrrt.v.160.
1466 702 1542 797 367

333 886 469 958 Contra
488 908 555 981 ego
576 881 733 952 vivendo
753 882 823 955 vici
841 905 923 970 mea
942 877 1032 967 fata,
1054 893 1228 972 superstes

331 1002 514 1093 Restarenr
533 1016 573 1088 ut
593 997 753 1093 genitor.v
778 996 921 1076 Troum
942 995 1038 1068 socia
1059 1015 1155 1066 arma
1176 1005 1338 1061 secutum

333 1110 681 1192 OhruerentRutuli
701 1111 781 1184 telis
804 1113 811 1180 !
842 1112 1002 1181 animam
1023 1110 1100 1203 ipse
1120 1104 1322 1192 dedissem,

334 1230 456 1324 Atque
474 1228 561 1298 haec
581 1250 722 1321 pompa
742 1226 899 1306 domum
917 1250 999 1312 me,
1020 1247 1098 1299 non
1118 1221 1296 1310 Pallanta,
1320 1217 1477 1290 referret!

335 1346 411 1417 Nec
429 1367 495 1427 vqs
512 1341 707 1444 arguerim,
730 1339 880 1429 Teucri,
900 1364 968 1412 nec
986 1337 1149 1426 foedera,
1172 1358 1260 1423 nec,
1285 1359 1376 1428 quas

330 1459 527 1551 Junxirnus
546 1455 731 1549 hospitio,
754 1455 892 1528 dextras
911 1483 922 1530 a
950 1480 1026 1537 sors
1044 1454 1109 1526 ista
1127 1468 1285 1528 senectae

335 1575 466 1646 Debita
485 1588 557 1643 erat
575 1588 725 1642 nostrae.
768 1571 872 1664 quod
890 1571 918 1644 si
937 1570 1116 1640 inmatura
1133 1563 1301 1636 manebat

336 1690 440 1786 Mors
455 1706 605 1775 nattum
626 1686 737 1772 caesis
753 1684 975 1780 Volscorum
995 1681 1158 1767 millibus
1178 1699 1280 1770 ante,

338 1805 543 1884 Ducentem
551 1800 600 1881 -iu
618 1800 765 1878 Latium
784 1800 943 1872 Teucros
964 1799 1129 1881 cecidisse
1141 1794 1290 1894 juvabit

339 1919 443 2024 Quin
462 1941 528 2015 ego
549 1939 628 1986 non
647 1914 721 1986 alio
741 1915 865 2014 digner
882 1935 918 1988 te
935 1914 1081 2003 funere,
1104 1912 1222 1999 Ralla,

340 2033 464 2137 Quam
482 2032 566 2126 pius
583 2028 747 2121 Aeneas,
771 2048 806 2132 et
825 2056 939 2125 quam
957 2031 1079 2129 magni
1099 2027 1275 2122 Phryges,
1296 2044 1332 2096 et
1350 2049 1463 2119 quam

338 2147 588 2242 Tyrrhenique
609 2144 737 2236 duces,
756 2145 984 2245 Tyrrheniam
1005 2143 1175 2222 exercitus
1198 2140 1329 2212 omnis.

338 2262 491 2362 [Magna
509 2281 635 2363 tropaea
645 2258 778 2357 serunt,
806 2287 881 2358 quos
902 2264 960 2332 dat
978 2282 1033 2346 tua
1055 2262 1184 2330 dextera
1206 2254 1307 2358 leto]

338 2379 399 2448 Tu
420 2401 569 2472 quoque
589 2399 690 2453 nune
707 2393 812 2447 stares
830 2376 985 2448 inmanis
1002 2392 1148 2444 truncus
1167 2372 1204 2440 in
1222 2371 1350 2460 annia,

339 2492 441 2563 Esset
460 2515 523 2585 pat
542 2507 657 2578 aetas,
678 2508 715 2562 et
730 2490 830 2575 idern
846 2490 875 2561 si
894 2488 1005 2566 robur
1023 2487 1069 2558 ab
1088 2487 1220 2593 anniS,

339 2605 472 2677 Turne.
509 2604 573 2679 sed
592 2603 720 2703 infelix
737 2604 899 2688 Teucros
917 2602 1013 2703 quid
1030 2601 1199 2697 demoror
1218 2599 1324 2671 annis
1341 2601 1358 2670 Ρ

338 2720 495 2809 Vadite,
516 2738 554 2792 et
569 2719 655 2817 haec
675 2743 857 2801 memores
871 2718 944 2816 regi
964 2717 1133 2788 mandata
1151 2713 1292 2786 referte:

342 2834 459 2939 Quod
478 2834 589 2904 vitam
608 2858 733 2937 moror
750 2834 924 2921 invisam,
943 2832 1104 2919 Pallante
1122 2846 1306 2925 peremto,

339 2948 494 3021 Dextera
515 2971 636 3019 caussa
656 2964 716 3020 tua
737 2966 810 3027 est3
833 2947 1002 3018 Turnum
1019 2963 1203 3044 gnatoque
1223 2944 1387 3037 patrique

341 3062 466 3168 Quam
486 3061 616 3144 debere
629 3061 734 3134 vides
749 3061 893 3154 meritis.
929 3080 1030 3135 vacat
1048 3061 1107 3132 hic
1126 3058 1191 3142 tihi
1211 3060 1310 3130 sulus

339 3178 594 3271 Fortunaeque
614 3177 725 3248 locus.
764 3200 842 3247 non
860 3175 954 3248 vitae
973 3175 1103 3273 gaudia
1125 3198 1282 3268 quaero,

340 3292 417 3364 Nec
436 3290 488 3363 fas
510 3319 518 3360 ε
548 3291 611 3364 sed
631 3309 739 3390 gnato
759 3289 878 3363 Manis
897 3288 1048 3385 perferre
1067 3288 1136 3368 sub
1158 3290 1262 3360 imos.

399 3406 537 3486 Aurora
554 3407 687 3484 interea
705 3406 845 3483 miseris
863 3404 1078 3478 mortalibus
1097 3407 1232 3493 almam

340 3522 523 3595 Extulerat
541 3521 679 3610 lucem,
697 3519 849 3601 referens
870 3545 979 3615 opera
1000 3545 1108 3615 atque
1128 3519 1278 3596 labores.
1298 3601 1301 3605 λ

336 3637 421 3728 Jam
440 3656 539 3732 pater
555 3636 711 3727 Aeneas,
726 3637 804 3734 jam
822 3659 931 3709 curvo
951 3635 991 3728 in
1009 3636 1116 3720 litore
1133 3634 1249 3706 Tarco

342 3751 573 3824 Constituere
591 3777 698 3847 pyras
721 3780 729 3819 r
758 3752 829 3840 huc
848 3775 1003 3844 corpora
1020 3751 1174 3844 quisque
1194 3773 1345 3822 suorum

342 3866 446 3937 More
462 3867 576 3943 tulere
590 3885 733 3959 patrum
755 3892 764 3938 t
794 3865 1035 3963 subjectisque
1056 3864 1200 3963 ignibus
1217 3864 1298 3936 atris

345 3979 525 4062 Conditur
542 3980 583 4065 in
599 3960 890 4075 tenebras'altum
910 3980 1061 4077 caligine
1080 3980 1237 4080 coelum.

345 4094 418 4164 Ter
436 4093 571 4164 circum
591 4093 788 4184 adcensos,
812 4094 919 4167 cincti
937 4092 1159 4193 fulgentibus
1176 4073 1305 4184 annia,

344 4208 536 4308 Decurrere
555 4231 664 4305 rogos
684 4234 696 4278 a
722 4226 774 4290 ter
790 4227 970 4288 maestum
988 4208 1121 4295 firneris
1141 4210 1266 4307 ignem

346 4323 552 4420 Lustratrere
571 4323 613 4409 iu⁴
628 4320 756 4416 equis,
780 4324 1012 4419 ululatusque
1032 4349 1093 4408 ore
1110 4323 1249 4410 dedere,

345 4437 526 4534 Spargitur
544 4456 582 4514 et
596 4437 705 4512 tellus
723 4436 895 4528 lacrimis,
916 4455 1130 4537 sparguntur
1149 4457 1185 4512 et
1205 4465 1311 4528 arma.

347 4553 383 4625 It
399 4552 503 4624 coelo
524 4554 735 4654 clamorque
753 4550 893 4648 vuum,
914 4554 1135 4663 clangorque
1152 4553 1331 4642 tubarum,
