3750 6217
540 708 1307 861 RENEIDoslssagm.
1453 777 1530 849 1ss

329 921 415 1022 Ipse
436 926 603 1026 ignotus,
630 955 760 1030 egens,
784 931 919 1028 Libyae
940 932 1073 1005 deserta
1093 954 1263 1030 peragro,

330 1040 474 1137 Europa
493 1061 602 1137 atque
622 1043 706 1119 Asia
723 1049 858 1144 pulsus.
896 1071 964 1120 nec
980 1048 1084 1142 plura
1102 1061 1311 1141 querentem

331 1156 436 1230 Passa
453 1154 580 1237 Venus
595 1160 720 1233 medio
740 1162 791 1235 sic
813 1161 973 1234 interfata
993 1161 1121 1233 dolore
1143 1178 1219 1233 est:

389 1271 567 1378 QuisquIs
589 1299 649 1364 es,
672 1277 794 1367 haud,
816 1275 948 1366 credo,
971 1276 1107 1349 invisus
1130 1271 1345 1352 coelestibus
1362 1293 1462 1347 auras

331 1385 464 1460 Vitalis
481 1390 612 1483 carpis,
630 1390 780 1487 Tyriam
800 1391 865 1487 qui
884 1391 1067 1462 adveneris
1089 1391 1226 1467 urbem.
1258 1438 1263 1453 .

331 1500 440 1601 Perge
456 1503 596 1596 modu,
620 1524 727 1601 atque
741 1507 825 1579 hinc
843 1524 877 1578 te
896 1507 1036 1605 reginae
1054 1505 1101 1577 ad
1120 1505 1247 1577 limina
1266 1499 1396 1598 perfer.-

332 1618 501 1712 Namque
514 1619 582 1691 tibi
599 1620 746 1694 reduces
765 1622 883 1694 socios
901 1623 1123 1715 classemque
1140 1621 1284 1697 relatam

332 1734 496 1824 Nuntio,
518 1752 555 1806 et
575 1736 614 1807 in
631 1753 752 1810 tutum
769 1736 875 1809 versis
895 1735 1143 1830 Aquilonibus
1159 1751 1294 1808 actam:

332 1849 382 1919 Ni
402 1846 524 1922 frustra
543 1852 733 1950 augurium
751 1852 832 1922 vani
852 1851 1005 1923 docuere
1025 1869 1195 1947 parentes

332 1964 488 2060 Adspice
508 1964 709 2057 bissenos,
730 1966 891 2039 laetantis
909 1966 1073 2064 agmine,
1092 1966 1255 2060 Cycnus,

332 2078 494 2151 Aetheria
511 2105 607 2174 quos
625 2082 723 2155 labsa
742 2085 845 2180 plaga
859 2081 962 2171 Jovis
981 2082 1052 2153 ales
1070 2099 1194 2176 aperto
1233 2091 1236 2097 '

333 2194 517 2267 Turbabat
534 2198 638 2278 coelo
660 2225 669 2268 a
697 2222 795 2268 nunc
814 2219 918 2268 terras
938 2196 1066 2269 ordine
1083 2198 1196 2294 longo

330 2308 406 2381 Aut
424 2334 566 2406 capere,
594 2332 655 2393 aut
673 2332 792 2408 captas
807 2314 883 2410 jam
903 2311 1107 2406 despectare
1124 2311 1299 2387 videntur.

333 2422 383 2498 Ut
401 2426 547 2498 reduces
560 2427 615 2497 illi
633 2427 766 2500 ludunt
781 2426 1010 2500 stridentibus
1030 2427 1115 2516 alis,

334 2538 381 2618 Et
397 2559 504 2612 coetu
523 2541 662 2624 cinxere
682 2544 830 2637 polum,
857 2559 1054 2636 cantusque
1071 2540 1220 2622 dedere:

334 2652 446 2725 Haud
465 2656 564 2728 aliter
582 2682 799 2754 puppesque
816 2675 919 2745 tuae,
940 2655 1129 2752 pubesque
1150 2675 1302 2733 tuorum

335 2766 410 2841 Aut
426 2787 574 2864 portum
594 2791 712 2863 tenet,
737 2790 799 2844 aut
817 2773 929 2867 pleno
951 2771 1049 2843 subit
1068 2772 1159 2846 ostia
1177 2770 1271 2842 velo.

335 2881 444 2993 Perge
463 2885 606 2976 modo,
629 2906 665 2959 et
684 2913 758 2983 qua
776 2905 811 2959 te
830 2886 930 2960 ducit
947 2887 1029 2975 via,
1052 2885 1163 2983 dirige
1183 2906 1356 2984 gressum·

393 2997 522 3089 Dixit,
548 3021 583 3073 et
601 3021 759 3075 avertens
777 3026 878 3077 rosea
897 3001 1032 3073 cervice
1049 2998 1210 3089 refulsit,

335 3109 622 3208 Ambrosiasque
643 3140 769 3191 comae
787 3116 953 3188 divinum
973 3116 1102 3189 vertice
1123 3113 1277 3186 odorem

335 3227 517 3324 Spiravere
542 3257 550 3298 ι
579 3231 691 3325 pedes
711 3232 818 3305 vestis
830 3211 990 3302 ‘defluxit
1009 3230 1055 3302 ad
1074 3230 1188 3320 imos,

335 3343 383 3417 Et
401 3368 480 3415 vera
500 3344 640 3417 incessu
658 3347 776 3441 patuit
795 3345 871 3417 dea.
907 3346 990 3435 ille,
1008 3344 1072 3416 ubi
1091 3362 1244 3419 matrem

335 3457 544 3556 Adgnovit,
567 3459 630 3530 tali
650 3459 848 3559 fugientem
867 3479 921 3539 est
938 3484 1031 3535 voce
1046 3478 1187 3541 secutus
1201 3486 1209 3529 :

335 3572 440 3679 Quid
462 3593 590 3658 natum
604 3576 765 3665 totiens,
789 3575 944 3648 cmdelis
961 3592 1004 3647 tu
1020 3600 1197 3669 quoque,
1219 3571 1321 3647 falsis

200 3746 203 3751 .
335 3687 449 3760 Ludis
467 3690 685 3789 imaginibus
707 3692 723 3765 ?
742 3684 815 3765 ‘cur
832 3692 974 3764 dextrae
986 3693 1135 3789 jungere
1154 3688 1316 3765 dextram

335 3801 423 3874 Non
444 3804 567 3893 datur,
588 3830 628 3876 ac
646 3830 746 3885 veras
764 3806 888 3877 audire
902 3825 940 3878 et
958 3806 1101 3881 reddere
1119 3804 1260 3877 voces?

336 3916 490 3993 Talibus
510 3918 670 4010 incusat,
692 3945 926 4019 gressumque
946 3919 994 3995 ad
1009 3920 1156 3999 moenia
1174 3915 1303 3998 tendit·

336 4030 386 4112 At
402 4031 532 4109 Venus
550 4032 704 4109 obscuro
722 4035 912 4134 gradientis
931 4046 1009 4107 aere
1028 4036 1156 4131 sepsit;

336 4146 385 4220 Et
403 4148 522 4219 multo
543 4147 698 4225 nebulae
717 4150 851 4222 circum
871 4149 940 4226 deo
957 4148 1053 4223 fudit
1070 4150 1229 4223 amictu:

337 4261 488 4333 Cernere
507 4287 553 4335 ne
572 4265 655 4358 quis
678 4289 763 4355 eos,
780 4288 852 4339 neu
872 4266 954 4359 quis
973 4266 1176 4364 contingere
1194 4279 1342 4360 posset,

337 4375 505 4449 Molirive
525 4402 693 4470 moram,
719 4399 782 4453 aut
799 4379 966 4459 veniendi
988 4405 1135 4477 poscere
1155 4404 1302 4454 caussas.

337 4490 424 4587 Ipsa
443 4490 609 4589 Paphum
627 4495 794 4569 sublimis
809 4494 904 4586 abit,
925 4496 1099 4591 sedesque
1119 4496 1237 4569 revisit

200 4698 206 4705 μ
338 4604 445 4680 Laeta
464 4633 571 4683 suas:
600 4609 663 4683 ubi
686 4612 871 4707 templum
889 4612 967 4701 illi,
992 4629 1213 4706 centumque
1230 4607 1367 4681 Sabaeo
