3750 6217
426 727 875 809 AENEIDOS
933 735 1024 809 111.
1083 762 1117 811 v.
1164 741 1255 833 358.
1366 762 1441 836 173

244 905 312 979 His
330 923 451 977 vatem
469 902 656 1000 adgredior
676 901 803 991 dictis,
821 926 862 972 ac
882 903 966 973 talia
986 927 1144 994 quaeso:

243 1019 471 1118 Troiugena,
493 1019 663 1112 interpres
678 1015 830 1107 divrim,
851 1017 914 1110 qui
935 1018 1087 1088 numina
1106 1017 1275 1112 Phoebi,

244 1137 322 1242 Qui
345 1133 523 1230 tripodas,
545 1131 653 1202 Clarii
672 1135 809 1220 laurus,
833 1132 897 1226 qui
917 1132 1031 1205 sidera
1049 1135 1178 1223 sentis,

244 1251 291 1328 Et
307 1254 495 1323 volucrum
518 1249 674 1347 linguas,
697 1268 733 1320 er
753 1248 929 1343 praepetis
953 1248 1077 1320 omina
1094 1273 1261 1345 pennae,

244 1366 331 1439 Fare
352 1391 415 1465 age
436 1368 619 1458 (namque
642 1388 792 1434 omnem
813 1389 955 1437 crusum
973 1364 1064 1434 mihi
1081 1391 1251 1461 prospera
1270 1365 1362 1444 dixit

243 1481 414 1580 Religio,
441 1498 476 1552 et
497 1480 615 1551 cuncti
636 1498 817 1551 suaserunt
835 1480 987 1550 numine
1010 1479 1083 1550 divi

244 1598 389 1670 ltaliam
407 1616 554 1692 petere,
581 1614 617 1666 et
633 1614 738 1667 terras
759 1611 892 1666 tentare
909 1614 1088 1688 repostas:

244 1711 328 1784 Sola
352 1735 491 1783 novom
514 1711 688 1804 dictuque
708 1707 807 1783 nefas
828 1709 987 1804 Harpyia
1005 1708 1163 1783 Celaeno

244 1829 455 1927 Prodigium
478 1827 594 1914 canit,
619 1845 655 1896 et
677 1825 783 1898 tristis
804 1825 992 1897 denuntiat
1014 1825 1100 1915 iras,

244 1944 522 2035 Obscenamque
541 1941 698 2034 famem)
724 1967 816 2034 quae
833 1940 950 2037 prima
969 1943 1127 2035 pericula
1146 1943 1257 2014 vito?

243 2058 391 2165 Quidve
413 2081 566 2151 sequens
584 2075 705 2135 tantos
725 2058 865 2151 possim
887 2081 1049 2150 superare
1069 2055 1238 2129 labores?

301 2168 372 2244 Hic
392 2171 572 2261 Helenus,
596 2172 705 2246 caesis
726 2172 886 2267 primurn
907 2172 954 2242 de
973 2195 1075 2244 more
1092 2174 1279 2271 juvencis,

193 2336 195 2341 -
244 2289 377 2360 Exorat
400 2313 527 2384 pacem
548 2286 701 2378 divom,
727 2288 906 2381 vittasque
925 2288 1070 2360 resolvit

244 2403 372 2476 Sacrati
394 2404 542 2498 capitis,
566 2428 700 2498 meque
720 2403 766 2474 ad
789 2423 851 2476 tua
874 2403 1022 2493 limina,
1047 2402 1215 2494 Phoebe,

245 2520 329 2614 Ipse
348 2543 458 2590 manu
479 2522 598 2592 multo
621 2542 835 2615 suspensum
858 2518 1011 2589 nurnine
1030 2518 1145 2597 ducit;

244 2633 367 2730 Atque
388 2637 474 2706 haec
494 2635 627 2708 deinde
652 2635 746 2706 canit
769 2634 894 2705 divino
916 2658 961 2705 ex
982 2660 1041 2706 ore
1064 2636 1248 2708 sacerdosr

302 2749 393 2822 Nate
414 2751 504 2842 dea,
525 2752 635 2846 (narn
654 2769 691 2823 te
709 2749 906 2850 majoribus
929 2751 979 2821 ire
1002 2776 1067 2845 per
1086 2754 1202 2824 altum

246 2862 424 2960 Auspiciis
442 2865 630 2940 manifesta
653 2865 742 2939 fides
765 2893 772 2935 :
803 2866 852 2939 sic
872 2863 942 2938 fata
966 2866 1078 2938 desim
1100 2892 1162 2940 rex

247 2978 420 3068 Sortitur,
440 2982 627 3077 volvitque
644 2982 739 3054 vices
765 3009 774 3052 r
802 2982 832 3053 is
850 2983 996 3053 vertitur
1020 2983 1136 3077 ordo)

246 3094 364 3166 Pauca
385 3094 453 3165 tibi
476 3120 496 3165 e
515 3097 669 3185 multis,
692 3121 768 3190 quo
788 3096 899 3168 tutior
918 3097 1062 3192 hospita
1081 3089 1209 3171 lustres

245 3208 440 3305 Aequora,
467 3230 503 3283 et
523 3209 688 3284 Ausonio
713 3211 830 3306 possis
855 3213 1039 3285 considere
1061 3229 1194 3307 portu,

245 3325 447 3421 Expediam
464 3325 592 3407 dictis;
617 3325 812 3422 prohibent
831 3352 918 3398 narn
938 3347 1050 3400 cetera
1069 3328 1195 3402 Parcae

244 3439 356 3530 Scire,
379 3441 562 3513 Helenum
584 3441 722 3538 farique
738 3461 834 3516 vetat
855 3442 1014 3516 Saturnia
1032 3442 1141 3532 Jun0.

244 3555 426 3651 Principio
452 3556 613 3649 Italiam,
638 3583 750 3653 quam
771 3576 813 3631 tu
830 3561 908 3657 jam
932 3584 1004 3630 rere
1026 3559 1298 3656 propinquam,

243 3670 488 3766 Vicinosque,
509 3672 650 3771 ignare,
671 3697 773 3769 paras
793 3673 958 3746 invadere
978 3660 1126 3769 portus,

150 3850 152 3854 .
244 3786 372 3885 Longa
392 3790 521 3881 procul
541 3789 661 3886 longis
677 3789 735 3858 via
751 3787 881 3861 dividit
898 3790 992 3861 invia
1012 3790 1119 3864 terris.

244 3902 340 3974 Ante
360 3919 396 3973 et
413 3901 594 3974 Trinacria
608 3902 798 3978 lentandus
816 3929 937 3977 remus
955 3905 993 3974 in
1009 3904 1131 3995 unda,

245 4017 292 4090 Et
310 4017 392 4089 salis
408 4015 565 4088 Ausonii
583 4019 809 4091 lustrandum
827 4018 981 4092 navibus
999 4045 1135 4113 aequor
1142 4013 1165 4110 ’,’

244 4131 456 4224 infernique
476 4131 595 4222 lacus,
620 4131 830 4228 Aeaeaeque
851 4136 967 4209 insula
988 4135 1136 4228 Circae,

246 4246 371 4353 Quam
387 4265 464 4319 tuta
481 4247 600 4342 possis
618 4245 745 4319 urbem
764 4275 973 4346 conponere
990 4271 1088 4325 terra.

247 4361 354 4460 Signa
371 4359 439 4434 tibi
457 4361 575 4434 dicam
597 4391 606 4433 r
634 4380 675 4435 tu
694 4365 840 4438 condita
858 4386 979 4438 mente
999 4385 1138 4443 teneto.

248 4476 377 4581 Quom
396 4477 464 4550 tibi
484 4479 640 4551 sollicito
661 4481 783 4555 secreti
803 4482 849 4552 ad
868 4481 1030 4555 fluminis
1047 4482 1186 4559 undam

246 4590 399 4668 Litoreis
417 4593 545 4694 ingens
562 4595 705 4670 inventa
722 4595 790 4676 sub
809 4597 955 4674 ilicibus
972 4621 1052 4691 sus,
