3750 6217
540 738 987 836 Arusioos
1042 737 1091 831 ι.
1149 761 1182 829 ι.
1230 762 1322 855 ιιι

331 928 431 1000 Tum
452 945 549 999 satus
568 926 719 1001 Anchisa
739 932 854 1000 cestus
872 945 971 1022 pater
990 929 1116 1000 extulit
1135 948 1293 1027 aequos,

331 1045 377 1116 Et
395 1044 540 1137 paribus
557 1045 697 1137 palmas
716 1045 909 1116 amborum
930 1045 1094 1116 innexuit
1111 1043 1226 1114 armis.

331 1160 503 1231 Constitit
522 1160 560 1229 in
578 1142 710 1257 digitos
729 1163 915 1255 extemplo
934 1150 1093 1237 adtectus
1109 1160 1277 1250 uterque,

332 1275 547 1368 Brachioque
566 1274 613 1345 ad
632 1298 774 1369 superas
794 1276 971 1348 interritus
991 1275 1118 1346 extulit
1137 1294 1244 1343 auras.

332 1390 523 1461 Abduxere
541 1395 630 1460 re'lro
652 1390 760 1489 lon'ge'
781 1394 897 1485 capita
917 1389 1025 1462 ardua
1044 1386 1118 1460 ab
1110 1389 1207 1460 ιιιιιι

333 1503 533 1577 lnr'nisc'ent
519 1516 605 1599 tque
623 1514 755 1578 manus
772 1507 961 1595 manibus,
983 1512 1217 1604 pugnamque
1234 1503 1419 1618 lacessunt.

334 1614 402 1691 Ille
421 1609 559 1716 pedum
575 1618 705 1692 melior
724 1640 847 1711 motu,
870 1617 1050 1715 fretusque
1063 1623 1231 1719 Juve'nta:

334 1722 403 1808 Hic
421 1729 593 1808 membris
612 1740 647 1808 et
665 1739 765 1808 mole
784 1740 925 1816 'valens;
949 1736 1011 1808 sed
1027 1733 1150 1808 tarda
1142 1715 1309 1806 tre‘nienti

335 1852 462 1922 Genua
482 1852 630 1924 labant:
659 1865 779 1925 vastos
798 1853 912 1946 quatit
929 1862 1031 1952 aeger
1050 1830 1226 1923 anhelitus
1244 1853 1346 1921 ιιιιιιι

334 1957 503 2038 Multa
471 1974 535 2036 ιιιι
525 1950 830 2062 nequidquam
821 1979 910 2039 tuter
927 1981 964 2041 se‘
982 1969 1127 2037 volnera
1140 1969 1298 2066 jactant,

333 2080 449 2153 Multa
468 2101 554 2153 cavo
575 2083 701 2153 lateri
691 2084 931 2182 ingeminant,
955 2100 989 2153 et
1004 2099 1148 2177 pectore
1166 2084 1284 2154 uastos

334 2195 432 2268 Dant
451 2179 606 2286 sonitus,
634 2202 793 2307 erratque
811 2197 901 2271 auris
921 2215 957 2270 et
975 2202 1138 2303 tempora
1158 2197 1291 2268 circuni

333 2311 463 2383 Crebra
483 2323 643 2384 manust
635 2296 764 2384 duro
783 2313 954 2408 crepitant
971 2294 1039 2385 suli
1056 2314 1203 2384 volnere
1222 2313 1347 2384 malae

332 2425 406 2500 Stat
423 2428 535 2527 gravis
553 2422 736 2518 Entellus,
758 2428 913 2522 nisuque
932 2426 1095 2500 inmotus
1115 2427 1268 2517 eodem,

333 2541 497 2637 Corpore
516 2545 585 2614 tela
602 2544 718 2614 modo
740 2551 847 2638 atque
867 2546 982 2616 oc'ulis
1000 2524 1229 2640 vigilantibus
1245 2544 1328 2615 'exltr

333 2653 423 2749 ille,
448 2661 546 2730 velut
531 2662 695 2732 icelsam
716 2667 904 2758 oppugnat
922 2685 986 2753 qur
976 2648 1164 2730 molibus
1184 2654 1333 2749 urbem,

339 2772 408 2843 Aut
427 2786 602 2844 montana
619 2755 717 2845 sedet
735 2776 868 2847 circum
887 2776 1028 2847 castella
1048 2755 1114 2844 sula
1134 2774 1263 2862 armis,

338 2885 440 2957 Nunc
459 2877 547 2978 hos,
569 2897 667 2960 'nunc
687 2876 770 2995 illos
790 2872 927 2978 adituS,
957 2893 1179 2993 omnemque
1201 2893 1352 2981 pererrat

336 3000 416 3071 Arte
437 3003 581 3086 locum:
607 3020 642 3072 e't
658 3005 762 3076 variis
778 2990 977 3075 adsultibus
1000 2985 1123 3074 inritus
1142 3014 1251 3101 urget

295 3212 301 3223 ι
334 3111 503 3187 Ostendit
523 3102 711 3188 dextram
703 3126 886 3227 insurgens
906 3112 1091 3206 Entellus,
1115 3120 1151 3189 ei
1136 3118 1238 3188 ialte

334 3231 500 3302 Extulit:
530 3217 618 3303 ille
610 3241 720 3303 retum
735 3232 937 3305 venientem
957 3256 977 3304 a
996 3233 1123 3306 vertice
1142 3234 1251 3305 velox

336 3345 511 3418 Praevidit
524 3336 732 3440 ,celerique
750 3336 889 3422 elalrsus
908 3356 1058 3459 corp'o're'
1077 3350 1189 3421 cessit.

338 3452 551 3534 Entellus
518 3487 607 3534 ures
627 3462 664 3532 in
687 3483 755 3534 ren
757 3476 837 3547 tum*
858 3451 1001 3545 effudit;
1028 3478 1063 3537 e't
1081 3467 1175 3536 ult'ro‘

338 3578 461 3676 lpse
440 3568 550 3650 orasis
567 3561 784 3677 graviterque
804 3575 848 3650 ad
869 3596 994 3652 terram
1016 3570 1293 3680 ponderet}
1193 3580 1293 3652 trastd

337 3653 535 3765 Concidit.
565 3711 606 3765 ut
625 3684 814 3787 quondam
835 3720 918 3767 cava
939 3693 1097 3768 tonc'idit
1113 3698 1171 3767 aul
1191 3689 1436 3791 Erymantho,

312 3849 314 3852 ·
338 3808 410 3879 Aut
429 3808 519 3880 lda
512 3835 549 3879 ιιι
567 3831 696 3913 magna
715 3797 894 3884 radicibus
913 3829 1011 3885 eruta
1029 3793 1147 3906 pinus

337 3920 567 4021 Consurgunt
586 3924 712 3997 studiis
728 3926 857 3998 Teucri
874 3946 910 4000 et
927 3920 1105 3998 Trinacria
1125 3924 1257 4020 pubes·

339 4037 371 4109 lt
388 4039 525 4108 clamor
543 4026 700 4128 coelo,
690 4042 902 4135 primusque
921 4024 1073 4116 adcurrit
1091 4044 1251 4130 Acestes,

338 4152 645 4247 Aequaevomque
663 4149 708 4225 ab
726 4145 839 4227 humo
859 4154 1029 4230 miserans
1049 4152 1191 4229 adtollit
1209 4138 1377 4231 amicum:

337 4267 386 4340 At
405 4283 482 4339 non
502 4254 657 4341 tardatus
677 4295 760 4342 casu
779 4280 897 4365 neque
915 4273 1052 4346 territus
1069 4258 1194 4376 lreros,

338 4379 462 4455 Acrior
481 4370 526 4454 ad
546 4398 706 4485 pugnant
727 4386 840 4477 redit,
862 4405 903 4458 ac
921 4389 996 4459 vim
1018 4389 1159 4461 suscitat
1176 4389 1237 4469 ira.

338 4498 438 4571 Tum
460 4500 579 4595 pudor
598 4501 807 4575 incendit
774 4518 887 4593 ures,
910 4524 944 4578 et
962 4505 1103 4576 conscia
1121 4505 1251 4577 virtuti

339 4614 644 4714 Praecipitemque
662 4618 780 4691 Daren
792 4619 925 4694 ardens
943 4622 1014 4722 agit
1031 4626 1186 4715 aequore
1205 4626 1284 4694 toto
1301 4653 1310 4703 ;

1191 4738 1256 4808 Ee
1291 4750 1309 4811 ι

1455 763 1533 853 ιιᾳ
