<?xml version="1.0" encoding="UTF-8"?>
<!DOCTYPE html PUBLIC "-//W3C//DTD XHTML 1.0 Transitional//EN"
    "http://www.w3.org/TR/xhtml1/DTD/xhtml1-transitional.dtd">
<html xmlns="http://www.w3.org/1999/xhtml" xml:lang="en" lang="en">
 <head>
  <title>
</title>
<meta http-equiv="Content-Type" content="text/html;charset=utf-8" />
  <meta name='ocr-system' content='tesseract 3.04.00' />
  <meta name='ocr-capabilities' content='ocr_page ocr_carea ocr_par ocr_line ocrx_word'/>
</head>
<body>
  <div class='ocr_page' id='page_1' title='image "./publiivirgiliim00brungoog/publiivirgiliim00brungoog_0360.png"; bbox 0 0 3750 6217; ppageno 0'>
   <div class='ocr_carea' id='block_1_1' title="bbox 538 679 1551 780">
    <p class='ocr_par' dir='ltr' id='par_1_1' title="bbox 538 679 1551 780">
     <span class='ocr_line' id='line_1_1' title="bbox 538 679 1551 780; baseline 0.01 -24"><span class='ocrx_word' id='word_1_1' title='bbox 538 679 989 758; x_wconf 80' lang='lat' dir='ltr'><strong>AENEIDOS</strong></span> <span class='ocrx_word' id='word_1_2' title='bbox 1046 683 1095 758; x_wconf 91' lang='lat' dir='ltr'>X.</span> <span class='ocrx_word' id='word_1_3' title='bbox 1153 695 1186 760; x_wconf 79' lang='lat' dir='ltr'>ir.</span> <span class='ocrx_word' id='word_1_4' title='bbox 1240 689 1330 779; x_wconf 60' lang='lat'>3382</span> <span class='ocrx_word' id='word_1_5' title='bbox 1471 708 1551 780; x_wconf 69' lang='lat'>345</span> 
     </span>
    </p>
   </div>
   <div class='ocr_carea' id='block_1_2' title="bbox 330 849 1491 4627">
    <p class='ocr_par' dir='ltr' id='par_1_2' title="bbox 333 849 1307 948">
     <span class='ocr_line' id='line_1_2' title="bbox 333 849 1307 948; baseline -0.003 -25"><span class='ocrx_word' id='word_1_6' title='bbox 333 849 478 944; x_wconf 76' lang='lat' dir='ltr'>Anceps</span> <span class='ocrx_word' id='word_1_7' title='bbox 496 874 620 948; x_wconf 84' lang='lat' dir='ltr'>pugna</span> <span class='ocrx_word' id='word_1_8' title='bbox 638 849 727 922; x_wconf 86' lang='lat' dir='ltr'>diu:</span> <span class='ocrx_word' id='word_1_9' title='bbox 759 871 854 924; x_wconf 89' lang='lat' dir='ltr'>stant</span> <span class='ocrx_word' id='word_1_10' title='bbox 872 851 1008 924; x_wconf 87' lang='lat' dir='ltr'>obnixa</span> <span class='ocrx_word' id='word_1_11' title='bbox 1029 853 1152 923; x_wconf 90' lang='lat' dir='ltr'>omnia</span> <span class='ocrx_word' id='word_1_12' title='bbox 1173 873 1307 921; x_wconf 88' lang='lat' dir='ltr'>contra.</span> 
     </span>
    </p>

    <p class='ocr_par' dir='ltr' id='par_1_3' title="bbox 332 965 1220 1061">
     <span class='ocr_line' id='line_1_3' title="bbox 332 965 1220 1061; baseline -0.002 -25"><span class='ocrx_word' id='word_1_13' title='bbox 332 967 442 1036; x_wconf 83' lang='lat' dir='ltr'>Haud</span> <span class='ocrx_word' id='word_1_14' title='bbox 462 968 562 1036; x_wconf 89' lang='lat' dir='ltr'>aliter</span> <span class='ocrx_word' id='word_1_15' title='bbox 581 965 760 1038; x_wconf 89' lang='lat' dir='ltr'>Troianae</span> <span class='ocrx_word' id='word_1_16' title='bbox 779 969 869 1040; x_wconf 87' lang='lat' dir='ltr'>acies</span> <span class='ocrx_word' id='word_1_17' title='bbox 889 969 1054 1061; x_wconf 86' lang='lat' dir='ltr'>aciesque</span> <span class='ocrx_word' id='word_1_18' title='bbox 1073 967 1220 1039; x_wconf 85' lang='lat' dir='ltr'>Latinae</span> 
     </span>
    </p>

    <p class='ocr_par' dir='ltr' id='par_1_4' title="bbox 333 1079 1376 1290">
     <span class='ocr_line' id='line_1_4' title="bbox 333 1079 1376 1177; baseline -0.001 -25"><span class='ocrx_word' id='word_1_19' title='bbox 333 1083 562 1154; x_wconf 84' lang='lat' dir='ltr'>Concurrunt</span> <span class='ocrx_word' id='word_1_20' title='bbox 587 1110 595 1149; x_wconf 73' lang='grc' dir='ltr'><strong>ε</strong></span> <span class='ocrx_word' id='word_1_21' title='bbox 625 1079 744 1152; x_wconf 84' lang='lat' dir='ltr'>haeret</span> <span class='ocrx_word' id='word_1_22' title='bbox 765 1083 860 1176; x_wconf 90' lang='lat' dir='ltr'>pede</span> <span class='ocrx_word' id='word_1_23' title='bbox 882 1109 971 1177; x_wconf 89' lang='lat' dir='ltr'>pes,</span> <span class='ocrx_word' id='word_1_24' title='bbox 993 1083 1199 1176; x_wconf 91' lang='lat' dir='ltr'>densusque</span> <span class='ocrx_word' id='word_1_25' title='bbox 1219 1081 1294 1151; x_wconf 90' lang='lat' dir='ltr'>viro</span> <span class='ocrx_word' id='word_1_26' title='bbox 1314 1081 1376 1152; x_wconf 74' lang='lat' dir='ltr'>tir.</span> 
     </span>
     <span class='ocr_line' id='line_1_5' title="bbox 389 1196 1188 1290; baseline 0.001 -24"><span class='ocrx_word' id='word_1_27' title='bbox 389 1196 437 1267; x_wconf 82' lang='lat' dir='ltr'>At</span> <span class='ocrx_word' id='word_1_28' title='bbox 457 1215 556 1289; x_wconf 87' lang='lat' dir='ltr'>parte</span> <span class='ocrx_word' id='word_1_29' title='bbox 577 1199 728 1286; x_wconf 86' lang='lat' dir='ltr'>exalia,</span> <span class='ocrx_word' id='word_1_30' title='bbox 750 1223 823 1290; x_wconf 93' lang='lat' dir='ltr'>qua</span> <span class='ocrx_word' id='word_1_31' title='bbox 843 1222 925 1270; x_wconf 81' lang='lat' dir='ltr'>saxa</span> <span class='ocrx_word' id='word_1_32' title='bbox 946 1199 1099 1269; x_wconf 88' lang='lat' dir='ltr'>rotantia</span> <span class='ocrx_word' id='word_1_33' title='bbox 1119 1199 1188 1269; x_wconf 88' lang='lat' dir='ltr'>late</span> 
     </span>
    </p>

    <p class='ocr_par' dir='ltr' id='par_1_5' title="bbox 331 1313 1196 1406">
     <span class='ocr_line' id='line_1_6' title="bbox 331 1313 1196 1406; baseline 0.001 -24"><span class='ocrx_word' id='word_1_34' title='bbox 331 1313 515 1406; x_wconf 86' lang='lat' dir='ltr'>Inpulerat</span> <span class='ocrx_word' id='word_1_35' title='bbox 536 1331 692 1400; x_wconf 90' lang='lat' dir='ltr'>torrens,</span> <span class='ocrx_word' id='word_1_36' title='bbox 717 1313 931 1406; x_wconf 86' lang='lat' dir='ltr'>arbustaque</span> <span class='ocrx_word' id='word_1_37' title='bbox 950 1313 1066 1383; x_wconf 89' lang='lat' dir='ltr'>diruta</span> <span class='ocrx_word' id='word_1_38' title='bbox 1086 1313 1196 1406; x_wconf 85' lang='lat' dir='ltr'>ripis,</span> 
     </span>
    </p>

    <p class='ocr_par' dir='ltr' id='par_1_6' title="bbox 330 1417 1281 1522">
     <span class='ocr_line' id='line_1_7' title="bbox 330 1417 1281 1522; baseline 0.003 -25"><span class='ocrx_word' id='word_1_39' title='bbox 330 1427 506 1515; x_wconf 86' lang='lat' dir='ltr'>Arcadas,</span> <span class='ocrx_word' id='word_1_40' title='bbox 528 1427 691 1506; x_wconf 87' lang='lat' dir='ltr'>insuetos</span> <span class='ocrx_word' id='word_1_41' title='bbox 709 1431 801 1499; x_wconf 90' lang='lat' dir='ltr'>acies</span> <span class='ocrx_word' id='word_1_42' title='bbox 821 1428 948 1499; x_wconf 90' lang='lat' dir='ltr'>inferre</span> <span class='ocrx_word' id='word_1_43' title='bbox 969 1427 1160 1522; x_wconf 90' lang='lat' dir='ltr'>pedestris,</span> <span class='ocrx_word' id='word_1_44' title='bbox 1279 1417 1281 1422; x_wconf 37' lang='lat'><strong>¹</strong></span> 
     </span>
    </p>

    <p class='ocr_par' dir='ltr' id='par_1_7' title="bbox 332 1541 1155 1641">
     <span class='ocr_line' id='line_1_8' title="bbox 332 1541 1155 1641; baseline 0.001 -30"><span class='ocrx_word' id='word_1_45' title='bbox 332 1541 382 1612; x_wconf 92' lang='lat' dir='ltr'>Ut</span> <span class='ocrx_word' id='word_1_46' title='bbox 398 1542 491 1612; x_wconf 83' lang='lat' dir='ltr'>vidit</span> <span class='ocrx_word' id='word_1_47' title='bbox 508 1541 625 1612; x_wconf 90' lang='lat' dir='ltr'>Pallas</span> <span class='ocrx_word' id='word_1_48' title='bbox 646 1541 751 1612; x_wconf 90' lang='lat' dir='ltr'>Latio</span> <span class='ocrx_word' id='word_1_49' title='bbox 773 1543 854 1613; x_wconf 91' lang='lat' dir='ltr'>dare</span> <span class='ocrx_word' id='word_1_50' title='bbox 875 1563 968 1641; x_wconf 83' lang='lat' dir='ltr'>terga</span> <span class='ocrx_word' id='word_1_51' title='bbox 990 1545 1155 1635; x_wconf 83' lang='lat' dir='ltr'>sequaci,</span> 
     </span>
    </p>

    <p class='ocr_par' dir='ltr' id='par_1_8' title="bbox 332 1657 1176 1752">
     <span class='ocr_line' id='line_1_9' title="bbox 332 1657 1176 1752; baseline 0 -24"><span class='ocrx_word' id='word_1_52' title='bbox 332 1657 467 1751; x_wconf 84' lang='lat' dir='ltr'>Aspera</span> <span class='ocrx_word' id='word_1_53' title='bbox 486 1657 567 1749; x_wconf 91' lang='lat' dir='ltr'>quis</span> <span class='ocrx_word' id='word_1_54' title='bbox 585 1675 709 1728; x_wconf 88' lang='lat' dir='ltr'>natura</span> <span class='ocrx_word' id='word_1_55' title='bbox 729 1658 802 1729; x_wconf 93' lang='lat' dir='ltr'>loci</span> <span class='ocrx_word' id='word_1_56' title='bbox 823 1658 1004 1729; x_wconf 88' lang='lat' dir='ltr'>dimittere</span> <span class='ocrx_word' id='word_1_57' title='bbox 1026 1659 1176 1752; x_wconf 87' lang='lat' dir='ltr'>quando</span> 
     </span>
    </p>

    <p class='ocr_par' dir='ltr' id='par_1_9' title="bbox 333 1771 1279 1870">
     <span class='ocr_line' id='line_1_10' title="bbox 333 1771 1279 1870; baseline 0.002 -28"><span class='ocrx_word' id='word_1_58' title='bbox 333 1773 449 1842; x_wconf 86' lang='lat' dir='ltr'>Suasit</span> <span class='ocrx_word' id='word_1_59' title='bbox 468 1797 605 1864; x_wconf 91' lang='lat' dir='ltr'>equos;</span> <span class='ocrx_word' id='word_1_60' title='bbox 630 1797 745 1842; x_wconf 92' lang='lat' dir='ltr'>unum</span> <span class='ocrx_word' id='word_1_61' title='bbox 766 1773 869 1865; x_wconf 93' lang='lat' dir='ltr'>quod</span> <span class='ocrx_word' id='word_1_62' title='bbox 888 1773 993 1844; x_wconf 84' lang='lat' dir='ltr'>rebus</span> <span class='ocrx_word' id='word_1_63' title='bbox 1013 1792 1118 1844; x_wconf 84' lang='lat' dir='ltr'>restat</span> <span class='ocrx_word' id='word_1_64' title='bbox 1136 1771 1279 1870; x_wconf 78' lang='lat' dir='ltr'>egenis,</span> 
     </span>
    </p>

    <p class='ocr_par' dir='ltr' id='par_1_10' title="bbox 330 1883 1375 2104">
     <span class='ocr_line' id='line_1_11' title="bbox 330 1883 1375 1978; baseline 0.002 -22"><span class='ocrx_word' id='word_1_65' title='bbox 330 1883 440 1956; x_wconf 91' lang='lat' dir='ltr'>Nunc</span> <span class='ocrx_word' id='word_1_66' title='bbox 461 1911 588 1978; x_wconf 91' lang='lat' dir='ltr'>prece,</span> <span class='ocrx_word' id='word_1_67' title='bbox 615 1911 712 1957; x_wconf 90' lang='lat' dir='ltr'>nunc</span> <span class='ocrx_word' id='word_1_68' title='bbox 731 1887 836 1959; x_wconf 89' lang='lat' dir='ltr'>dictis</span> <span class='ocrx_word' id='word_1_69' title='bbox 853 1887 1020 1959; x_wconf 84' lang='lat' dir='ltr'>virtutem</span> <span class='ocrx_word' id='word_1_70' title='bbox 1039 1885 1207 1958; x_wconf 83' lang='lat' dir='ltr'>adcendit</span> <span class='ocrx_word' id='word_1_71' title='bbox 1227 1888 1375 1958; x_wconf 88' lang='lat' dir='ltr'>amaris:</span> 
     </span>
     <span class='ocr_line' id='line_1_12' title="bbox 391 1997 1300 2104; baseline 0.002 -34"><span class='ocrx_word' id='word_1_72' title='bbox 391 1999 478 2104; x_wconf 84' lang='lat' dir='ltr'>Quo</span> <span class='ocrx_word' id='word_1_73' title='bbox 499 1997 643 2094; x_wconf 77' lang='lat' dir='ltr'>fugitis,</span> <span class='ocrx_word' id='word_1_74' title='bbox 664 2003 753 2072; x_wconf 94' lang='lat' dir='ltr'>socii</span> <span class='ocrx_word' id='word_1_75' title='bbox 774 2004 790 2071; x_wconf 87' lang='lat'>?</span> <span class='ocrx_word' id='word_1_76' title='bbox 820 2028 884 2096; x_wconf 87' lang='lat' dir='ltr'>per</span> <span class='ocrx_word' id='word_1_77' title='bbox 901 2027 989 2090; x_wconf 91' lang='lat' dir='ltr'>vos,</span> <span class='ocrx_word' id='word_1_78' title='bbox 1010 2022 1045 2073; x_wconf 91' lang='lat' dir='ltr'>et</span> <span class='ocrx_word' id='word_1_79' title='bbox 1065 1999 1168 2074; x_wconf 87' lang='lat' dir='ltr'>fortia</span> <span class='ocrx_word' id='word_1_80' title='bbox 1187 2000 1300 2090; x_wconf 84' lang='lat' dir='ltr'>facta,</span> 
     </span>
    </p>

    <p class='ocr_par' dir='ltr' id='par_1_11' title="bbox 334 2115 1254 2210">
     <span class='ocr_line' id='line_1_13' title="bbox 334 2115 1254 2210; baseline 0.002 -26"><span class='ocrx_word' id='word_1_81' title='bbox 334 2115 402 2184; x_wconf 90' lang='lat' dir='ltr'>Per</span> <span class='ocrx_word' id='word_1_82' title='bbox 422 2116 525 2186; x_wconf 89' lang='lat' dir='ltr'>ducis</span> <span class='ocrx_word' id='word_1_83' title='bbox 545 2115 700 2186; x_wconf 88' lang='lat' dir='ltr'>Euandri</span> <span class='ocrx_word' id='word_1_84' title='bbox 719 2141 882 2207; x_wconf 91' lang='lat' dir='ltr'>nomen,</span> <span class='ocrx_word' id='word_1_85' title='bbox 906 2118 1119 2210; x_wconf 85' lang='lat' dir='ltr'>devictaque</span> <span class='ocrx_word' id='word_1_86' title='bbox 1137 2117 1254 2206; x_wconf 88' lang='lat' dir='ltr'>bella,</span> 
     </span>
    </p>

    <p class='ocr_par' dir='ltr' id='par_1_12' title="bbox 334 2229 1491 2326">
     <span class='ocr_line' id='line_1_14' title="bbox 334 2229 1491 2326; baseline 0.001 -25"><span class='ocrx_word' id='word_1_87' title='bbox 334 2229 521 2323; x_wconf 87' lang='lat' dir='ltr'>Spemque</span> <span class='ocrx_word' id='word_1_88' title='bbox 542 2256 687 2320; x_wconf 87' lang='lat' dir='ltr'>meam,</span> <span class='ocrx_word' id='word_1_89' title='bbox 711 2232 843 2325; x_wconf 83' lang='lat' dir='ltr'>patriae</span> <span class='ocrx_word' id='word_1_90' title='bbox 866 2255 957 2326; x_wconf 87' lang='lat' dir='ltr'>quae</span> <span class='ocrx_word' id='word_1_91' title='bbox 975 2257 1072 2303; x_wconf 92' lang='lat' dir='ltr'>nunc</span> <span class='ocrx_word' id='word_1_92' title='bbox 1091 2232 1188 2304; x_wconf 90' lang='lat' dir='ltr'>subit</span> <span class='ocrx_word' id='word_1_93' title='bbox 1205 2234 1347 2302; x_wconf 84' lang='lat' dir='ltr'>&#39;aemula</span> <span class='ocrx_word' id='word_1_94' title='bbox 1368 2231 1491 2322; x_wconf 89' lang='lat' dir='ltr'>laudi,</span> 
     </span>
    </p>

    <p class='ocr_par' dir='ltr' id='par_1_13' title="bbox 338 2345 1273 2441">
     <span class='ocr_line' id='line_1_15' title="bbox 338 2345 1273 2441; baseline 0.003 -26"><span class='ocrx_word' id='word_1_95' title='bbox 338 2345 366 2415; x_wconf 85' lang='lat' dir='ltr'>F</span> <span class='ocrx_word' id='word_1_96' title='bbox 369 2347 455 2416; x_wconf 89' lang='lat' dir='ltr'>idite</span> <span class='ocrx_word' id='word_1_97' title='bbox 473 2370 519 2415; x_wconf 89' lang='lat' dir='ltr'>ne</span> <span class='ocrx_word' id='word_1_98' title='bbox 540 2346 706 2439; x_wconf 87' lang='lat' dir='ltr'>pedibus.</span> <span class='ocrx_word' id='word_1_99' title='bbox 743 2347 834 2416; x_wconf 90' lang='lat' dir='ltr'>ferro</span> <span class='ocrx_word' id='word_1_100' title='bbox 855 2348 1056 2441; x_wconf 89' lang='lat' dir='ltr'>rumpenda</span> <span class='ocrx_word' id='word_1_101' title='bbox 1076 2373 1138 2441; x_wconf 93' lang='lat' dir='ltr'>per</span> <span class='ocrx_word' id='word_1_102' title='bbox 1157 2347 1273 2418; x_wconf 88' lang='lat' dir='ltr'>hostis</span> 
     </span>
    </p>

    <p class='ocr_par' dir='ltr' id='par_1_14' title="bbox 336 2461 1352 2559">
     <span class='ocr_line' id='line_1_16' title="bbox 336 2461 1352 2559; baseline 0.001 -28"><span class='ocrx_word' id='word_1_103' title='bbox 336 2461 400 2531; x_wconf 84' lang='lat' dir='ltr'>Est</span> <span class='ocrx_word' id='word_1_104' title='bbox 417 2462 495 2548; x_wconf 87' lang='lat' dir='ltr'>via,</span> <span class='ocrx_word' id='word_1_105' title='bbox 521 2487 590 2554; x_wconf 91' lang='lat' dir='ltr'>qua</span> <span class='ocrx_word' id='word_1_106' title='bbox 613 2461 745 2558; x_wconf 82' lang='lat' dir='ltr'>globus</span> <span class='ocrx_word' id='word_1_107' title='bbox 764 2463 825 2531; x_wconf 86' lang='lat' dir='ltr'>ille</span> <span class='ocrx_word' id='word_1_108' title='bbox 845 2462 962 2531; x_wconf 76' lang='lat' dir='ltr'>viriam</span> <span class='ocrx_word' id='word_1_109' title='bbox 982 2461 1214 2534; x_wconf 88' lang='lat' dir='ltr'>densissimus</span> <span class='ocrx_word' id='word_1_110' title='bbox 1231 2481 1352 2559; x_wconf 85' lang='lat' dir='ltr'>urget:</span> 
     </span>
    </p>

    <p class='ocr_par' dir='ltr' id='par_1_15' title="bbox 337 2576 1291 2671">
     <span class='ocr_line' id='line_1_17' title="bbox 337 2576 1291 2671; baseline 0.002 -27"><span class='ocrx_word' id='word_1_111' title='bbox 337 2576 415 2646; x_wconf 89' lang='lat' dir='ltr'>Hac</span> <span class='ocrx_word' id='word_1_112' title='bbox 433 2600 500 2646; x_wconf 83' lang='lat' dir='ltr'>vos</span> <span class='ocrx_word' id='word_1_113' title='bbox 520 2597 555 2646; x_wconf 90' lang='lat' dir='ltr'>et</span> <span class='ocrx_word' id='word_1_114' title='bbox 574 2576 735 2646; x_wconf 83' lang='lat' dir='ltr'>Pallanta</span> <span class='ocrx_word' id='word_1_115' title='bbox 751 2576 882 2647; x_wconf 89' lang='lat' dir='ltr'>ducem</span> <span class='ocrx_word' id='word_1_116' title='bbox 904 2577 1016 2669; x_wconf 90' lang='lat' dir='ltr'>patria</span> <span class='ocrx_word' id='word_1_117' title='bbox 1036 2579 1107 2648; x_wconf 85' lang='lat' dir='ltr'>alta</span> <span class='ocrx_word' id='word_1_118' title='bbox 1127 2579 1291 2671; x_wconf 89' lang='lat' dir='ltr'>reposcit.</span> 
     </span>
    </p>

    <p class='ocr_par' dir='ltr' id='par_1_16' title="bbox 338 2690 1386 2788">
     <span class='ocr_line' id='line_1_18' title="bbox 338 2690 1386 2788; baseline 0.004 -30"><span class='ocrx_word' id='word_1_119' title='bbox 338 2690 500 2760; x_wconf 87' lang='lat' dir='ltr'>Numina</span> <span class='ocrx_word' id='word_1_120' title='bbox 518 2693 618 2760; x_wconf 90' lang='lat' dir='ltr'>nulla</span> <span class='ocrx_word' id='word_1_121' title='bbox 637 2709 808 2784; x_wconf 87' lang='lat' dir='ltr'>premunt</span> <span class='ocrx_word' id='word_1_122' title='bbox 829 2719 836 2759; x_wconf 78' lang='grc' dir='ltr'><strong>ι</strong></span> <span class='ocrx_word' id='word_1_123' title='bbox 867 2692 1011 2762; x_wconf 87' lang='lat' dir='ltr'>mortali</span> <span class='ocrx_word' id='word_1_124' title='bbox 1033 2717 1199 2788; x_wconf 84' lang='lat' dir='ltr'>urgemur</span> <span class='ocrx_word' id='word_1_125' title='bbox 1219 2692 1263 2761; x_wconf 88' lang='lat' dir='ltr'>ab</span> <span class='ocrx_word' id='word_1_126' title='bbox 1284 2693 1386 2763; x_wconf 88' lang='lat' dir='ltr'>hoste</span> 
     </span>
    </p>

    <p class='ocr_par' dir='ltr' id='par_1_17' title="bbox 336 2805 1318 2898">
     <span class='ocr_line' id='line_1_19' title="bbox 336 2805 1318 2898; baseline 0.001 -24"><span class='ocrx_word' id='word_1_127' title='bbox 336 2805 504 2874; x_wconf 85' lang='lat' dir='ltr'>Mortales</span> <span class='ocrx_word' id='word_1_128' title='bbox 529 2834 536 2871; x_wconf 92' lang='lat'>:</span> <span class='ocrx_word' id='word_1_129' title='bbox 567 2806 723 2875; x_wconf 91' lang='lat' dir='ltr'>totidem</span> <span class='ocrx_word' id='word_1_130' title='bbox 743 2806 851 2876; x_wconf 90' lang='lat' dir='ltr'>nobis</span> <span class='ocrx_word' id='word_1_131' title='bbox 868 2806 1083 2897; x_wconf 86' lang='lat' dir='ltr'>animaeque</span> <span class='ocrx_word' id='word_1_132' title='bbox 1105 2817 1318 2898; x_wconf 87' lang='lat' dir='ltr'>manusque.</span> 
     </span>
    </p>

    <p class='ocr_par' dir='ltr' id='par_1_18' title="bbox 337 2919 1256 3016">
     <span class='ocr_line' id='line_1_20' title="bbox 337 2919 1256 3016; baseline -0.002 -27"><span class='ocrx_word' id='word_1_133' title='bbox 337 2921 427 2990; x_wconf 83' lang='lat' dir='ltr'>Ecce</span> <span class='ocrx_word' id='word_1_134' title='bbox 448 2919 553 2988; x_wconf 88' lang='lat' dir='ltr'>maris</span> <span class='ocrx_word' id='word_1_135' title='bbox 574 2944 704 3016; x_wconf 82' lang='lat' dir='ltr'>magna</span> <span class='ocrx_word' id='word_1_136' title='bbox 724 2919 857 2990; x_wconf 89' lang='lat' dir='ltr'>claudit</span> <span class='ocrx_word' id='word_1_137' title='bbox 877 2944 946 2990; x_wconf 91' lang='lat' dir='ltr'>nos</span> <span class='ocrx_word' id='word_1_138' title='bbox 968 2919 1085 3016; x_wconf 80' lang='lat' dir='ltr'>objice</span> <span class='ocrx_word' id='word_1_139' title='bbox 1103 2938 1256 3013; x_wconf 87' lang='lat' dir='ltr'>pontus:</span> 
     </span>
    </p>

    <p class='ocr_par' dir='ltr' id='par_1_19' title="bbox 337 3034 1399 3244">
     <span class='ocr_line' id='line_1_21' title="bbox 337 3034 1399 3132; baseline 0.001 -28"><span class='ocrx_word' id='word_1_140' title='bbox 337 3035 446 3105; x_wconf 84' lang='lat' dir='ltr'>Deest</span> <span class='ocrx_word' id='word_1_141' title='bbox 460 3035 537 3130; x_wconf 87' lang='lat' dir='ltr'>jam</span> <span class='ocrx_word' id='word_1_142' title='bbox 557 3053 644 3104; x_wconf 86' lang='lat' dir='ltr'>terra</span> <span class='ocrx_word' id='word_1_143' title='bbox 662 3034 776 3132; x_wconf 83' lang='lat' dir='ltr'>fugae.</span> <span class='ocrx_word' id='word_1_144' title='bbox 813 3036 963 3131; x_wconf 86' lang='lat' dir='ltr'>pelagus</span> <span class='ocrx_word' id='word_1_145' title='bbox 982 3035 1180 3105; x_wconf 90' lang='lat' dir='ltr'>Troiamne</span> <span class='ocrx_word' id='word_1_146' title='bbox 1200 3034 1399 3128; x_wconf 89' lang='lat' dir='ltr'>petemus?</span> 
     </span>
     <span class='ocr_line' id='line_1_22' title="bbox 395 3149 1383 3244; baseline 0.003 -26"><span class='ocrx_word' id='word_1_147' title='bbox 395 3149 492 3218; x_wconf 85' lang='lat' dir='ltr'>llaec</span> <span class='ocrx_word' id='word_1_148' title='bbox 511 3150 582 3238; x_wconf 88' lang='lat' dir='ltr'>ait,</span> <span class='ocrx_word' id='word_1_149' title='bbox 607 3169 642 3220; x_wconf 91' lang='lat' dir='ltr'>et</span> <span class='ocrx_word' id='word_1_150' title='bbox 663 3151 806 3222; x_wconf 88' lang='lat' dir='ltr'>medius</span> <span class='ocrx_word' id='word_1_151' title='bbox 826 3151 959 3221; x_wconf 89' lang='lat' dir='ltr'>densos</span> <span class='ocrx_word' id='word_1_152' title='bbox 978 3151 1184 3244; x_wconf 88' lang='lat' dir='ltr'>prorumpit</span> <span class='ocrx_word' id='word_1_153' title='bbox 1205 3150 1242 3218; x_wconf 96' lang='lat' dir='ltr'>in</span> <span class='ocrx_word' id='word_1_154' title='bbox 1260 3151 1383 3222; x_wconf 89' lang='lat' dir='ltr'>hostis.</span> 
     </span>
    </p>

    <p class='ocr_par' dir='ltr' id='par_1_20' title="bbox 338 3263 1263 3358">
     <span class='ocr_line' id='line_1_23' title="bbox 338 3263 1263 3358; baseline 0 -22"><span class='ocrx_word' id='word_1_155' title='bbox 338 3265 479 3336; x_wconf 89' lang='lat' dir='ltr'>Obvius</span> <span class='ocrx_word' id='word_1_156' title='bbox 495 3265 578 3336; x_wconf 89' lang='lat' dir='ltr'>huic</span> <span class='ocrx_word' id='word_1_157' title='bbox 596 3266 785 3358; x_wconf 90' lang='lat' dir='ltr'>primum,</span> <span class='ocrx_word' id='word_1_158' title='bbox 811 3265 892 3336; x_wconf 85' lang='lat' dir='ltr'>fatis</span> <span class='ocrx_word' id='word_1_159' title='bbox 911 3265 1087 3336; x_wconf 89' lang='lat' dir='ltr'>adductus</span> <span class='ocrx_word' id='word_1_160' title='bbox 1109 3263 1263 3357; x_wconf 87' lang='lat' dir='ltr'>iniquis,</span> 
     </span>
    </p>

    <p class='ocr_par' dir='ltr' id='par_1_21' title="bbox 339 3380 1462 3478">
     <span class='ocr_line' id='line_1_24' title="bbox 339 3380 1462 3478; baseline 0.001 -29"><span class='ocrx_word' id='word_1_161' title='bbox 339 3382 396 3451; x_wconf 85' lang='lat' dir='ltr'>Fit</span> <span class='ocrx_word' id='word_1_162' title='bbox 415 3380 533 3478; x_wconf 87' lang='lat' dir='ltr'>Lagus</span> <span class='ocrx_word' id='word_1_163' title='bbox 554 3409 560 3448; x_wconf 96' lang='lat'><strong>:</strong></span> <span class='ocrx_word' id='word_1_164' title='bbox 591 3382 713 3471; x_wconf 87' lang='lat' dir='ltr'>hunc,</span> <span class='ocrx_word' id='word_1_165' title='bbox 743 3407 878 3476; x_wconf 82' lang='lat' dir='ltr'>magno</span> <span class='ocrx_word' id='word_1_166' title='bbox 900 3381 1002 3450; x_wconf 88' lang='lat' dir='ltr'>vellit</span> <span class='ocrx_word' id='word_1_167' title='bbox 1019 3381 1109 3450; x_wconf 92' lang='lat' dir='ltr'>dum</span> <span class='ocrx_word' id='word_1_168' title='bbox 1130 3380 1292 3474; x_wconf 88' lang='lat' dir='ltr'>pondere</span> <span class='ocrx_word' id='word_1_169' title='bbox 1311 3405 1462 3473; x_wconf 87' lang='lat' dir='ltr'>saxum,</span> 
     </span>
    </p>

    <p class='ocr_par' dir='ltr' id='par_1_22' title="bbox 339 3495 1052 3594">
     <span class='ocr_line' id='line_1_25' title="bbox 339 3495 1052 3594; baseline 0.004 -30"><span class='ocrx_word' id='word_1_170' title='bbox 339 3497 480 3568; x_wconf 90' lang='lat' dir='ltr'>Intorto</span> <span class='ocrx_word' id='word_1_171' title='bbox 501 3495 576 3594; x_wconf 84' lang='lat' dir='ltr'>figit</span> <span class='ocrx_word' id='word_1_172' title='bbox 595 3498 693 3585; x_wconf 86' lang='lat' dir='ltr'>telo,</span> <span class='ocrx_word' id='word_1_173' title='bbox 720 3497 926 3567; x_wconf 86' lang='lat' dir='ltr'>discrimina</span> <span class='ocrx_word' id='word_1_174' title='bbox 945 3496 1052 3567; x_wconf 92' lang='lat' dir='ltr'>costis</span> 
     </span>
    </p>

    <p class='ocr_par' dir='ltr' id='par_1_23' title="bbox 337 3610 1365 3706">
     <span class='ocr_line' id='line_1_26' title="bbox 337 3610 1365 3706; baseline 0.002 -26"><span class='ocrx_word' id='word_1_175' title='bbox 337 3610 403 3681; x_wconf 92' lang='lat' dir='ltr'>Per</span> <span class='ocrx_word' id='word_1_176' title='bbox 423 3611 586 3681; x_wconf 91' lang='lat' dir='ltr'>medium</span> <span class='ocrx_word' id='word_1_177' title='bbox 610 3637 680 3704; x_wconf 88' lang='lat' dir='ltr'>qua</span> <span class='ocrx_word' id='word_1_178' title='bbox 702 3612 806 3706; x_wconf 86' lang='lat' dir='ltr'>spina</span> <span class='ocrx_word' id='word_1_179' title='bbox 824 3611 950 3682; x_wconf 79' lang='lat' dir='ltr'>dedit:</span> <span class='ocrx_word' id='word_1_180' title='bbox 980 3612 1190 3703; x_wconf 84' lang='lat' dir='ltr'>hastamque</span> <span class='ocrx_word' id='word_1_181' title='bbox 1211 3629 1365 3704; x_wconf 87' lang='lat' dir='ltr'>receptat</span> 
     </span>
    </p>

    <p class='ocr_par' dir='ltr' id='par_1_24' title="bbox 341 3725 1434 3820">
     <span class='ocr_line' id='line_1_27' title="bbox 341 3725 1434 3820; baseline -0.001 -26"><span class='ocrx_word' id='word_1_182' title='bbox 341 3727 497 3796; x_wconf 88' lang='lat' dir='ltr'>Ossibus</span> <span class='ocrx_word' id='word_1_183' title='bbox 514 3725 729 3797; x_wconf 85' lang='lat' dir='ltr'>haerentem.</span> <span class='ocrx_word' id='word_1_184' title='bbox 768 3751 880 3820; x_wconf 90' lang='lat' dir='ltr'>quem</span> <span class='ocrx_word' id='word_1_185' title='bbox 899 3751 976 3795; x_wconf 93' lang='lat' dir='ltr'>non</span> <span class='ocrx_word' id='word_1_186' title='bbox 999 3751 1104 3819; x_wconf 87' lang='lat' dir='ltr'>super</span> <span class='ocrx_word' id='word_1_187' title='bbox 1125 3745 1278 3817; x_wconf 87' lang='lat' dir='ltr'>occupat</span> <span class='ocrx_word' id='word_1_188' title='bbox 1297 3725 1434 3814; x_wconf 88' lang='lat' dir='ltr'>Hisbo,</span> 
     </span>
    </p>

    <p class='ocr_par' dir='ltr' id='par_1_25' title="bbox 340 3839 1413 3935">
     <span class='ocr_line' id='line_1_28' title="bbox 340 3839 1413 3935; baseline 0.001 -27"><span class='ocrx_word' id='word_1_189' title='bbox 340 3841 407 3909; x_wconf 87' lang='lat' dir='ltr'>Ille</span> <span class='ocrx_word' id='word_1_190' title='bbox 426 3839 577 3932; x_wconf 86' lang='lat' dir='ltr'>quidem</span> <span class='ocrx_word' id='word_1_191' title='bbox 595 3841 666 3912; x_wconf 91' lang='lat' dir='ltr'>hoc</span> <span class='ocrx_word' id='word_1_192' title='bbox 687 3867 856 3935; x_wconf 83' lang='lat' dir='ltr'>sperans:</span> <span class='ocrx_word' id='word_1_193' title='bbox 888 3867 974 3912; x_wconf 91' lang='lat' dir='ltr'>narn</span> <span class='ocrx_word' id='word_1_194' title='bbox 994 3840 1109 3912; x_wconf 87' lang='lat' dir='ltr'>Pallas</span> <span class='ocrx_word' id='word_1_195' title='bbox 1127 3859 1208 3910; x_wconf 92' lang='lat' dir='ltr'>ante</span> <span class='ocrx_word' id='word_1_196' title='bbox 1229 3857 1413 3930; x_wconf 85' lang='lat' dir='ltr'>ruentem,</span> 
     </span>
    </p>

    <p class='ocr_par' dir='ltr' id='par_1_26' title="bbox 341 3953 1247 4043">
     <span class='ocr_line' id='line_1_29' title="bbox 341 3953 1247 4043; baseline 0.001 -20"><span class='ocrx_word' id='word_1_197' title='bbox 341 3954 441 4024; x_wconf 90' lang='lat' dir='ltr'>Dum</span> <span class='ocrx_word' id='word_1_198' title='bbox 462 3953 567 4043; x_wconf 87' lang='lat' dir='ltr'>furit,</span> <span class='ocrx_word' id='word_1_199' title='bbox 594 3957 779 4026; x_wconf 88' lang='lat' dir='ltr'>incautum</span> <span class='ocrx_word' id='word_1_200' title='bbox 802 3957 935 4028; x_wconf 90' lang='lat' dir='ltr'>crudeli</span> <span class='ocrx_word' id='word_1_201' title='bbox 957 3975 1074 4025; x_wconf 90' lang='lat' dir='ltr'>morte</span> <span class='ocrx_word' id='word_1_202' title='bbox 1095 3955 1247 4043; x_wconf 90' lang='lat' dir='ltr'>sodalis,</span> 
     </span>
    </p>

    <p class='ocr_par' dir='ltr' id='par_1_27' title="bbox 341 4068 1402 4164">
     <span class='ocr_line' id='line_1_30' title="bbox 341 4068 1402 4164; baseline 0.002 -26"><span class='ocrx_word' id='word_1_203' title='bbox 341 4069 508 4163; x_wconf 83' lang='lat' dir='ltr'>Excipit,</span> <span class='ocrx_word' id='word_1_204' title='bbox 532 4087 643 4160; x_wconf 86' lang='lat' dir='ltr'>atque</span> <span class='ocrx_word' id='word_1_205' title='bbox 660 4094 782 4140; x_wconf 89' lang='lat' dir='ltr'>ensem</span> <span class='ocrx_word' id='word_1_206' title='bbox 803 4073 951 4142; x_wconf 89' lang='lat' dir='ltr'>tumido</span> <span class='ocrx_word' id='word_1_207' title='bbox 973 4072 1011 4139; x_wconf 97' lang='lat' dir='ltr'>in</span> <span class='ocrx_word' id='word_1_208' title='bbox 1029 4073 1209 4164; x_wconf 90' lang='lat' dir='ltr'>pulmone</span> <span class='ocrx_word' id='word_1_209' title='bbox 1229 4068 1402 4140; x_wconf 65' lang='lat' dir='ltr'>recondis</span> 
     </span>
    </p>

    <p class='ocr_par' dir='ltr' id='par_1_28' title="bbox 340 4183 1330 4284">
     <span class='ocr_line' id='line_1_31' title="bbox 340 4183 1330 4284; baseline 0.002 -30"><span class='ocrx_word' id='word_1_210' title='bbox 340 4183 436 4254; x_wconf 87' lang='lat' dir='ltr'>Hinc</span> <span class='ocrx_word' id='word_1_211' title='bbox 454 4183 644 4254; x_wconf 83' lang='lat' dir='ltr'>Sthenium</span> <span class='ocrx_word' id='word_1_212' title='bbox 665 4185 776 4278; x_wconf 90' lang='lat' dir='ltr'>petit,</span> <span class='ocrx_word' id='word_1_213' title='bbox 801 4203 836 4256; x_wconf 90' lang='lat' dir='ltr'>et</span> <span class='ocrx_word' id='word_1_214' title='bbox 855 4185 989 4258; x_wconf 87' lang='lat' dir='ltr'>Rhoeti</span> <span class='ocrx_word' id='word_1_215' title='bbox 1009 4187 1054 4256; x_wconf 92' lang='lat' dir='ltr'>de</span> <span class='ocrx_word' id='word_1_216' title='bbox 1072 4205 1176 4284; x_wconf 87' lang='lat' dir='ltr'>gente</span> <span class='ocrx_word' id='word_1_217' title='bbox 1194 4203 1330 4256; x_wconf 88' lang='lat' dir='ltr'>vetusta</span> 
     </span>
    </p>

    <p class='ocr_par' dir='ltr' id='par_1_29' title="bbox 339 4299 1370 4387">
     <span class='ocr_line' id='line_1_32' title="bbox 339 4299 1370 4387; baseline 0.003 -18"><span class='ocrx_word' id='word_1_218' title='bbox 339 4299 633 4387; x_wconf 86' lang='lat' dir='ltr'>Anchemolum,</span> <span class='ocrx_word' id='word_1_219' title='bbox 657 4299 836 4372; x_wconf 84' lang='lat' dir='ltr'>thalamos</span> <span class='ocrx_word' id='word_1_220' title='bbox 854 4326 981 4373; x_wconf 89' lang='lat' dir='ltr'>ausum</span> <span class='ocrx_word' id='word_1_221' title='bbox 1004 4303 1171 4372; x_wconf 87' lang='lat' dir='ltr'>incestare</span> <span class='ocrx_word' id='word_1_222' title='bbox 1191 4323 1370 4372; x_wconf 87' lang='lat' dir='ltr'>novercae.</span> 
     </span>
    </p>

    <p class='ocr_par' dir='ltr' id='par_1_30' title="bbox 338 4413 1254 4513">
     <span class='ocr_line' id='line_1_33' title="bbox 338 4413 1254 4513; baseline 0.001 -28"><span class='ocrx_word' id='word_1_223' title='bbox 338 4413 420 4485; x_wconf 93' lang='lat' dir='ltr'>Vos</span> <span class='ocrx_word' id='word_1_224' title='bbox 440 4415 547 4486; x_wconf 88' lang='lat' dir='ltr'>etiarn</span> <span class='ocrx_word' id='word_1_225' title='bbox 570 4414 706 4513; x_wconf 79' lang='lat' dir='ltr'>gemini</span> <span class='ocrx_word' id='word_1_226' title='bbox 724 4414 869 4487; x_wconf 90' lang='lat' dir='ltr'>Rutulis</span> <span class='ocrx_word' id='word_1_227' title='bbox 887 4416 1064 4487; x_wconf 89' lang='lat' dir='ltr'>cecidistis</span> <span class='ocrx_word' id='word_1_228' title='bbox 1083 4416 1120 4484; x_wconf 90' lang='lat' dir='ltr'>in</span> <span class='ocrx_word' id='word_1_229' title='bbox 1139 4416 1254 4504; x_wconf 83' lang='lat' dir='ltr'>arvis,</span> 
     </span>
    </p>

    <p class='ocr_par' dir='ltr' id='par_1_31' title="bbox 340 4528 1317 4627">
     <span class='ocr_line' id='line_1_34' title="bbox 340 4528 1317 4627; baseline 0.002 -27"><span class='ocrx_word' id='word_1_230' title='bbox 340 4528 494 4620; x_wconf 87' lang='lat' dir='ltr'>Daucia,</span> <span class='ocrx_word' id='word_1_231' title='bbox 521 4529 648 4602; x_wconf 89' lang='lat' dir='ltr'>Laride</span> <span class='ocrx_word' id='word_1_232' title='bbox 666 4528 944 4625; x_wconf 82' lang='lat' dir='ltr'>Thymberque,</span> <span class='ocrx_word' id='word_1_233' title='bbox 968 4533 1152 4604; x_wconf 85' lang='lat' dir='ltr'>simillima</span> <span class='ocrx_word' id='word_1_234' title='bbox 1174 4532 1317 4627; x_wconf 89' lang='lat' dir='ltr'>proles,</span> 
     </span>
    </p>
   </div>
   <div class='ocr_carea' id='block_1_3' title="bbox 1225 4641 1300 4716">
    <p class='ocr_par' dir='ltr' id='par_1_32' title="bbox 1225 4641 1300 4716">
     <span class='ocr_line' id='line_1_35' title="bbox 1225 4641 1300 4716; baseline 0 0"><span class='ocrx_word' id='word_1_235' title='bbox 1225 4641 1300 4716; x_wconf 82' lang='lat' dir='ltr'>Xx</span> 
     </span>
    </p>
   </div>
   <div class='ocr_carea' id='block_1_4' title="bbox 0 0 1884 6212">
    <p class='ocr_par' dir='ltr' id='par_1_33' title="bbox 0 0 1884 6212">
     <span class='ocr_line' id='line_1_36' title="bbox 0 0 1884 6212; baseline 0 0"><span class='ocrx_word' id='word_1_236' title='bbox 0 0 1884 6212; x_wconf 95' lang='lat' dir='ltr'> </span> 
     </span>
    </p>
   </div>
  </div>
 </body>
</html>
