3750 6217
609 590 780 659 '172
995 564 1887 645 'AENEIDOS
2004 565 2195 641 111.
2314 592 2381 642 v.
2470 568 2657 663 325⁵.

607 738 774 812 Nos
796 792 817 825 .,
854 738 1072 834 patria
1113 740 1394 807 incensa
1416 790 1436 823 ‚
1482 736 1749 807 diversa
1785 760 1913 829 per
1950 760 2263 829 aequora
2296 752 2587 827 vectae,

607 854 862 949 Stirpis
898 852 1255 925 Achilleae
1293 850 1510 923 fastus
1532 904 1552 940 ‚
1582 854 2074 949 juvenemque
2112 852 2505 946 superbum

609 970 908 1042 Servitio
952 967 1201 1038 enixae
1241 968 1559 1038 tulimus.
1645 968 1770 1061 qui
1812 967 2077 1038 deinde
2112 986 2393 1041 secutus

605 1085 966 1157 Ledaeam
1009 1082 1456 1154 Hermionen
1491 1082 2251 1176 Lacedaemoniosque
2290 1082 2797 1179 Hymenaeus,

605 1200 733 1271 Me
771 1198 1048 1268 famulo
1088 1198 1436 1269 famulam
1473 1197 1756 1269 Heleno
1793 1199 2176 1270 transmisit
2218 1197 2645 1275 habendam.

604 1314 738 1389 Ast
775 1316 1023 1404 illum,
1069 1333 1346 1409 ereptae
1381 1338 1648 1411 magno
1689 1312 2177 1386 inflammatus
2214 1338 2482 1387 amore.

605 1430 1002 1528 Conjugis‚
1053 1448 1120 1501 ct
1161 1432 1501 1501 scelerum
1543 1429 1770 1499 Furiis
1809 1429 2151 1526 agitatu5‚
2201 1431 2487 1503 Orestes

603 1546 898 1639 Excipit
932 1545 1302 1615 incautum
1327 1597 1347 1633 ‚
1391 1546 1790 1639 patriasque
1833 1543 2207 1619 obtruncat
2240 1545 2333 1616 ad
2372 1570 2541 1621 aras.

603 1662 844 1735 Morte
886 1660 1356 1755 Neoptolemi
1397 1684 1776 1757 regnorum
1815 1659 2087 1730 reddita
2124 1662 2331 1735 cessit
2468 1648 2477 1657 ⁸

603 1776 775 1851 Pars
813 1776 1095 1847 Heleno
1149 1804 1164 1843 ε
1227 1777 1351 1869 qui
1393 1776 1759 1845 Chaonios
1801 1777 2238 1873 cognomine
2278 1801 2626 1872 campOS,

605 1893 1165 1984 Chaoniamque
1207 1915 1507 1960 omnem
1543 1890 1862 1961 Troiano
1907 1917 1945 1960 a
1987 1891 2287 1962 Chaone
2324 1894 2507 1965 dixit
2542 1922 2557 1967 ε

603 2008 1094 2105 Pergamaque
1121 2060 1142 2094 ,
1185 2004 1628 2099 Iliacamque
1658 2007 1848 2105 jugis
1880 2007 2063 2077 hanc
2098 2007 2377 2080 addidit
2414 2034 2667 2081 arcem.

603 2122 748 2196 Sed
783 2122 918 2195 tibi
963 2121 1090 2214 qui
1128 2146 1415 2192 cursum
1449 2122 1678 2210 venti,
1732 2146 1915 2215 quae
1955 2121 2093 2193 fata
2133 2123 2388 2195 dedere
2420 2126 2453 2194 ?

608 2238 758 2310 Aut
795 2238 1132 2331 quisnam
1178 2237 1499 2333 ignarum
1537 2238 1795 2310 nostris
1829 2237 2006 2310 deus
2044 2238 2327 2333 adpulit
2362 2240 2500 2312 oris
2531 2241 2565 2310 ?

606 2352 816 2459 Quid
857 2377 1039 2447 puer
1077 2352 1426 2423 Ascanius
1458 2382 1474 2431 ;
1527 2370 1901 2447 superatne
1924 2407 1945 2441 ‚
1984 2373 2055 2426 et
2090 2354 2391 2425 vescitur
2426 2382 2589 2429 aura
2620 2354 2659 2427 ?

606 2467 857 2574 Quem
897 2468 1031 2539 tibi
1066 2470 1220 2566 jam
1262 2467 1482 2537 Troia
1541 2475 1579 2517 *¹
1641 2475 1680 2517 *
1739 2475 1780 2517 ”¹
1841 2474 1881 2516 θ’
1941 2475 1982 2517 *

601 2584 698 2657 Et
737 2610 877 2678 qua
912 2602 1154 2655 tamen
1190 2608 1414 2677 puero
1451 2602 1555 2655 est
1589 2584 1887 2655 amissae
1923 2608 2083 2657 cura
2120 2589 2429 2680 parentis
2462 2588 2497 2657 ?

599 2698 890 2793 Ecquid
925 2699 999 2769 in
1037 2700 1406 2791 antiquam
1444 2700 1780 2771 virtutem
1820 2700 2251 2795 animosque
2287 2704 2509 2775 virilis

602 2814 697 2891 Et
730 2833 930 2909 pater
967 2812 1242 2886 Aeneas
1282 2832 1352 2884 et
1386 2817 1776 2887 avunculus
1812 2817 2067 2890 excitat
2105 2817 2424 2889 Hector?

718 2930 924 3002 Talia
963 2929 1312 3002 fundebat
1349 2931 1721 3003 lacrimans
1747 2985 1767 3020 ,
1820 2932 2228 3031 longosque
2269 2933 2499 3007 ciebat

600 3045 976 3117 Incassum
1013 3044 1220 3117 fletus
1257 3075 1272 3113 ι
1336 3070 1566 3138 quom
1608 3072 1756 3119 sese
1795 3072 1834 3117 a
1877 3049 2265 3121 moenibus
2297 3050 2509 3123 heros

600 3160 996 3235 Priamides
1034 3161 1284 3231 multis
1322 3158 1645 3233 Helenus
1685 3164 2201 3237 comitantibus
2238 3163 2499 3255 adfert,

599 3273 1146 3371 Adgnoscitque
1182 3300 1390 3363 suos,
1435 3278 1807 3370 laetusque
1847 3278 1937 3348 ad
1975 3281 2229 3351 limina
2264 3280 2507 3370 ducit,

601 3388 696 3461 Et
733 3391 1052 3459 multum
1093 3390 1414 3463 lacrimas
1447 3390 1659 3462 verba
1699 3394 1880 3464 inter
1916 3396 2192 3494 singula
2231 3394 2491 3469 fundit.

603 3504 933 3577 Procedo
958 3559 980 3593 ‚
1016 3523 1087 3576 et
1120 3531 1413 3601 parvam
1453 3508 1788 3598 Troiam,
1844 3508 2325 3605 simulataque
2360 3513 2641 3612 magnis

600 3620 982 3719 Pergama,
1027 3640 1096 3697 et
1131 3641 1448 3696 arentem
1483 3624 1756 3695 Xanthi
1792 3628 2230 3725 cognomine
2267 3630 2503 3699 rivom

601 3734 994 3835 Adgnosco
1021 3793 1042 3830 ‚
1082 3736 1480 3833 Scaeaeque
1518 3742 1917 3835 amplector
1950 3743 2204 3814 limina
2242 3763 2507 3838 portae.

599 3850 755 3922 Nec
794 3877 949 3923 non
991 3872 1062 3925 et
1097 3854 1358 3927 Teucri
1395 3858 1586 3928 socia
1621 3857 1840 3929 simul
1880 3859 2053 3929 urbe
2091 3858 2433 3935 fruuntur.
