3750 6217
373 742 457 814 4⁰4
537 705 1390 807 AENE1n08x11.v.458.

371 881 644 982 Adglomerant
682 878 763 951 ferit
778 901 863 951 ense
882 900 1025 976 gravem
1044 873 1294 971 Thymbraeus
1314 878 1484 975 Osirim,

370 997 581 1074 Archetium
598 996 833 1083 Mnestheus,
854 994 1063 1088 Epulonem
1084 992 1273 1065 obtruncat
1289 992 1465 1093 Achates,

370 1116 616 1206 Ufentemque
637 1111 743 1207 Gyas.
782 1110 878 1183 cadit
896 1110 975 1204 ipse
994 1108 1218 1182 Tolumnius
1236 1134 1369 1210 augur,

370 1232 514 1303 Primus
534 1229 574 1299 in
593 1227 759 1301 adversos
776 1229 891 1298 telum
911 1227 977 1320 qui
997 1243 1142 1298 torserat
1158 1226 1281 1299 hostis.

370 1347 532 1419 Tollitur
551 1346 590 1415 in
610 1348 758 1417 coelum
777 1345 937 1431 clamor,
961 1342 1123 1436 versique
1142 1342 1301 1414 vicissim

369 1463 622 1534 Pulverulenta
640 1460 723 1560 fuga
742 1457 869 1531 Rutuli
889 1458 977 1531 dant
997 1477 1092 1557 terga
1110 1484 1175 1553 per
1193 1481 1303 1557 agros

369 1578 456 1674 lpse
475 1601 595 1672 neque
610 1602 751 1649 aversos
770 1575 938 1674 dignatur
954 1595 1103 1648 sternere
1122 1574 1254 1654 morti;

367 1693 447 1765 Nec
463 1692 558 1790 pede
577 1716 786 1793 congressos
805 1717 948 1786 aequo,
970 1716 1037 1763 nec
1053 1692 1124 1762 tela
1142 1688 1287 1763 ferentis
1373 1679 1378 1688 ¹

367 1810 576 1903 Insequitur
595 1839 603 1879 ι
633 1811 755 1883 solum
775 1809 884 1881 densa
901 1810 942 1877 in
960 1807 1111 1905 caligine
1130 1805 1298 1878 Turnum

367 1923 531 2024 Vestigat
550 1927 722 2015 lustrans,
746 1928 866 1998 solum
884 1925 924 1995 in
944 1923 1135 1995 certamina
1154 1921 1282 2016 poscit

365 2039 452 2113 Hoc
473 2066 645 2115 concussa
663 2060 765 2113 metu
781 2057 944 2110 mentem
957 2038 1108 2128 Jutuma
1124 2038 1245 2137 virago

365 2155 537 2255 Aurigam
558 2157 673 2226 Turni
689 2155 810 2226 media
828 2154 920 2224 inter
939 2155 1014 2224 lora
1032 2154 1226 2227 Metiscum

338 2361 340 2365 Ι
364 2271 529 2361 Excutit,
555 2290 591 2343 et
608 2273 719 2370 longe
736 2270 880 2341 labsum
897 2287 1047 2340 temone
1067 2271 1261 2364 relinquit:

364 2383 452 2482 lpsa
471 2385 587 2478 subit,
609 2386 851 2480 manibusque
869 2384 1041 2459 undantis
1058 2383 1168 2459 flectit
1184 2385 1362 2477 habenas,

364 2502 508 2573 Cuncta
524 2527 672 2600 gerens,
696 2527 923 2595 vocemque,
952 2520 987 2574 et
1006 2528 1161 2598 corpus,
1184 2522 1220 2574 et
1316 2501 1507 2577 aMetisci.

301 2613 304 2618 ’
362 2616 474 2715 Nigra
492 2620 590 2689 velut
609 2641 757 2716 magnas
775 2617 919 2688 domini
941 2643 1058 2711 quom
1078 2618 1199 2689 divitis
1217 2527 1323 2693 affes
1380 2629 1384 2642 ⁴

363 2732 552 2822 Pervolat,
575 2749 611 2803 et
631 2735 762 2827 pennis
777 2734 847 2805 alta
864 2734 949 2805 atria
967 2735 1088 2806 lustrat
1105 2732 1283 2822 hirundo,
1308 2787 1311 2794 .
1416 2815 1420 2828 .

363 2846 503 2919 Pabula
521 2873 629 2944 parva
648 2849 791 2947 legens,
812 2848 981 2944 nidisque
1001 2848 1216 2944 loquacibus
1236 2873 1350 2929 escas:

362 2962 411 3037 Et
429 2988 526 3036 nunc
544 2965 745 3060 porticibus
764 2966 905 3055 vacuis,
926 2990 1025 3036 nunc
1042 2965 1192 3038 humida
1210 2964 1346 3036 circum

362 3076 494 3179 Stagna
513 3098 618 3153 sonat
642 3108 650 3148 ε
681 3082 809 3153 similis
827 3081 970 3152 medios
985 3080 1133 3169 Jutuma
1151 3105 1215 3174 per
1233 3079 1348 3153 hostis

363 3194 486 3267 Fertur
505 3196 850 3302 equisgrapidoque
867 3200 992 3269 volans
1014 3195 1092 3268 obit
1113 3195 1238 3267 omnia
1256 3221 1377 3268 curru:

358 3310 516 3405 Jamque
536 3305 592 3382 hic
610 3338 845 3409 germanum,
861 3315 1012 3410 jamque
1032 3307 1091 3383 hic
1109 3330 1263 3384 ostentat
1283 3331 1473 3387 ovantem

363 3426 440 3497 Nec
461 3424 619 3496 conferre
637 3451 789 3498 manum
808 3429 942 3522 patitur
963 3456 970 3496 :
1000 3431 1099 3501 volat
1117 3430 1192 3498 avia
1213 3430 1329 3527 longe.

363 3540 473 3612 Haud
493 3541 616 3613 minus
636 3541 774 3615 Aeneas
791 3561 904 3615 tortos
923 3545 1008 3642 legit
1028 3546 1157 3615 obvius
1177 3542 1296 3633 orbiS,

362 3657 598 3757 Vestigatque
615 3659 754 3749 virum,
780 3676 815 3732 et
832 3660 976 3758 disjecta
996 3686 1058 3754 per
1077 3662 1220 3760 agmina
1240 3686 1368 3758 magna

363 3774 468 3847 Voce
484 3792 597 3847 vocat.
639 3779 810 3869 quotiens
831 3778 958 3849 oculos
977 3779 1128 3874 conjecit
1149 3777 1187 3846 in
1207 3776 1371 3867 hostem,

362 3889 636 3985 Alipedumque
655 3892 777 3988 fugam
796 3919 898 3965 cursu
916 3894 1064 3964 tentavit
1082 3918 1282 3988 equorum;

362 4005 515 4078 Aversos
532 4008 668 4079 totiens
686 4035 805 4083 currus
820 4009 973 4096 Jutuma
991 4011 1137 4083 retorsit
1336 4084 1341 4097 ,

363 4120 464 4210 Heu,
491 4122 578 4214 quid
597 4140 695 4220 agat,
719 4127 815 4196 vario
837 4124 1090 4217 nequidquam
1111 4126 1256 4198 fluctuat
1274 4146 1393 4200 aestu:
1485 4109 1488 4114 ⁵

363 4235 602 4328 Diversaeque
622 4259 752 4311 vocant
772 4240 935 4309 animum
951 4240 990 4308 in
1012 4243 1183 4314 contraria
1203 4268 1312 4316 curae.

363 4352 458 4423 Huic
476 4350 685 4446 MessapuS,
709 4357 761 4427 uti
776 4359 873 4426 laeva
892 4355 968 4426 duo
988 4355 1078 4427 forte
1094 4359 1235 4457 gerebat

363 4468 497 4564 Lenta,
520 4470 608 4541 levis
627 4495 728 4543 cursu
741 4471 925 4567 ,·praelrxa
946 4473 1082 4544 hastilia
1101 4475 1213 4563 serr0,

362 4584 509 4658 Horum
528 4612 646 4660 unum
663 4607 758 4663 certo
781 4607 1027 4686 contorquens
1046 4592 1165 4692 dirigit
1183 4592 1267 4662 ictu.

117 5279 358 5591 *t
