3750 6217
446 742 971 834 chonol‘con
1029 750 1095 834 Ii.
1155 783 1187 833 v.
1238 755 1303 836 δυ
1431 779 1479 860 59

330 922 473 999 Scilicet
492 928 667 1017 omnibus
686 944 740 998 est
758 926 863 998 labor
882 917 1155 1021 inpendendus3
1176 941 1211 997 et
1232 949 1360 998 omnes

272 1040 467 1141 Cogendae
487 1042 526 1113 in
546 1046 709 1132 sulcum,
735 1066 776 1114 ac
796 1043 912 1114 multa
933 1043 1095 1116 mercede
1116 1036 1331 1112 domandae.

269 1154 343 1229 Sed
364 1158 496 1230 truncis
522 1160 622 1231 oleae
642 1159 798 1246 melius,
824 1159 1024 1256 propagine
1044 1156 1133 1231 vites

271 1256 536 1370 Respondent,
559 1263 679 1346 solido
698 1272 854 1368 Paphiae
874 1272 920 1343 de
938 1270 1067 1346 robore
1087 1293 1234 1369 myrtus.

272 1387 409 1462 Plantis
431 1389 560 1461 eduiae
585 1389 698 1462 coruli
721 1393 940 1478 nascuntur,
966 1407 1001 1460 et
1025 1390 1150 1488 ingens

271 1502 467 1593 Fraxinus,
482 1524 484 1531 ·
498 1503 768 1599 Herculeaeque
787 1504 890 1576 arbos
910 1504 1082 1577 umbrosa
1100 1528 1281 1596 coronae,

271 1617 503 1714 Chaoniique
525 1623 635 1716 patris
656 1617 804 1721 glandes
826 1644 834 1687 t
862 1619 972 1691 etiam
992 1620 1100 1693 ardua
1118 1621 1241 1716 palma

272 1732 453 1816 Nascitur,
476 1754 512 1808 et
530 1756 630 1810 casus¹
649 1722 746 1809 abies
767 1734 883 1807 visura
899 1739 1068 1810 marinos.

272 1840 440 1923 Inseritur
457 1875 541 1923 vero
562 1871 598 1926 et
614 1850 690 1926 fetu
709 1853 812 1925 nucis
831 1852 976 1924 arbutus
993 1851 1152 1923 horrida:

272 1950 318 2038 Et
338 1965 471 2040 steriles
489 1968 625 2063 platani
641 1971 912 2067 malosgessere
931 1967 1101 2040 valentis:

272 2080 465 2155 Castaneae
487 2078 611 2183 fagus,
639 2106 820 2176 ornusque
841 2085 1003 2155 incanuit
1024 2082 1110 2154 albo

269 2183 375 2271 Flore
395 2198 487 2294 piri,
515 2196 757 2299 glandemque
776 2223 856 2272 sues
878 2197 1008 2298 fregere
1029 2199 1096 2272 sub
1115 2190 1235 2271 ulmis·

327 2312 404 2385 Nec
426 2315 562 2388 modus
583 2316 732 2389 inserere
756 2331 863 2409 atque
887 2316 1016 2388 oculos
1039 2316 1214 2410 inponere
1238 2303 1401 2408 simplex.

269 2418 368 2501 Nam
388 2450 461 2524 qua
481 2452 517 2504 se
537 2424 660 2503 medio
680 2417 830 2504 trudunt
846 2429 892 2501 de
911 2417 1041 2510 cortice
1061 2452 1251 2530 gemmae,

269 2540 316 2618 Et
333 2545 453 2619 tenuis
471 2551 650 2643 rumpunt
664 2549 804 2620 tunicae
816 2566 1022 2644 ,angustus
1041 2547 1080 2618 in
1097 2548 1179 2643 ipso

270 2654 328 2733 Fit
353 2661 455 2733 nodo
478 2659 612 2736 sinus:
641 2664 713 2735 huc
735 2652 851 2734 aliena
871 2686 916 2733 ex
942 2646 1066 2734 arbore
1092 2683 1236 2760 germen

271 2768 495 2868 includunt,
524 2777 675 2874 udoque
694 2778 829 2850 docent
847 2765 1041 2849 inolescere
1059 2776 1163 2849 libro.

268 2880 345 2962 hut
361 2916 500 2964 rursum
518 2893 653 2967 enodes
671 2893 786 2964 trunci
806 2910 1027 2980 resecantur,
1055 2911 1092 2963 et
1110 2893 1180 2962 alte

231 3090 235 3105 Ι
269 2999 436 3076 Finditur
454 3007 492 3076 in
509 3007 670 3078 solidum
688 2994 811 3079 cuneis
829 3006 888 3077 via
910 3020 918 3074 ⁴.
949 2995 1081 3077 deinde
1100 2995 1231 3077 feraces

270 3120 418 3192 Plantae
439 3121 695 3193 inmittunturt
721 3144 791 3194 vnec
812 3109 967 3219 longum
986 3137 1154 3216 tempus,
1176 3138 1212 3193 et
1230 3118 1357 3218 ingens

271 3235 369 3309 Exiit
392 3234 438 3306 ad
464 3232 610 3308 coelum
634 3237 742 3309 ramis
762 3228 926 3308 felicibus
947 3230 1073 3308 arbos:

269 3349 491 3445 Miraturque
511 3367 624 3425 novas
649 3348 819 3442 frondes,
842 3367 878 3423 et
899 3370 975 3452 non
994 3375 1056 3423 sua
1073 3374 1197 3446 poma.
1388 3434 1392 3440 ,

326 3466 503 3537 Praeterea
526 3492 635 3566 genus
660 3458 759 3538 baud
778 3465 922 3559 unum,
950 3492 1015 3538 nec
1035 3460 1187 3540 sortibus
1204 3467 1337 3556 ulmis,

268 3577 346 3655 Nec
367 3582 486 3673 salici,
509 3577 681 3678 lotoque,
701 3595 768 3654 nec
788 3583 907 3657 idaeis
927 3578 1122 3678 cyparissis.
1177 3618 1180 3625 ¹

268 3696 345 3770 Nec
367 3692 520 3797 pingues
542 3716 655 3770 unam
677 3695 717 3770 in
741 3697 871 3771 faciem
894 3718 1087 3772 nascuntur
1113 3699 1258 3789 olivae,
1317 3776 1321 3785 ,

268 3813 476 3905 Orchades,
498 3829 534 3885 et
549 3813 667 3904 radii,
689 3835 725 3887 et
741 3813 1002 3912 amarapausia
1022 3815 1131 3905 baca,
1222 3826 1227 3845 '
1343 3797 1356 3815 κ

270 3927 479 4023 Pomaque,
507 3948 541 4000 et
565 3929 710 4003 Alcinoi
729 3931 863 4003 silvaet
886 3955 954 4002 nec
974 3932 1133 4002 surculus
1153 3927 1252 4001 idem

271 4042 486 4116 Crustumiis
501 4042 713 4140 ,Syriisque
735 4047 846 4142 piris,
874 4046 1112 4146 gravibusque
1131 4046 1296 4132 volemis.

272 4156 360 4231 Non
380 4159 507 4231 eadem
531 4160 719 4234 arboribus
740 4162 876 4258 pendet
897 4159 1083 4234 vindemia
1107 4160 1258 4251 nostris,

270 4274 394 4381 Quam
413 4274 670 4372 Methymnaeo
690 4278 804 4373 carpit
822 4277 868 4349 de
886 4272 1038 4374 palmite
1058 4275 1207 4352 Lesbos.

269 4388 360 4463 Sunt
375 4388 526 4464 Thasiae
544 4393 656 4482 vites,
681 4412 766 4465 sunt
790 4413 826 4467 et
849 4393 1066 4468 Mareotides
1085 4393 1214 4476 albae:

271 4505 468 4605 Pinguibus
486 4509 554 4581 hae
572 4509 668 4582 terris
688 4509 845 4601 habiles,
874 4508 1068 4582 levioribus
1087 4511 1194 4595 iliae:

272 4618 324 4708 Et,
340 4646 446 4716 passo
474 4623 617 4720 Psythia
640 4627 792 4720 utilior,
813 4627 1008 4721 tenuisque
1030 4622 1192 4725 Lageos,
1320 4724 1330 4742 ·
1366 4660 1387 4699 ι
1453 4630 1482 4664 ’·

1158 4740 1196 4812 Η
1230 4762 1252 4815 a.
