3750 6217
361 699 443 799 ηε
576 694 1023 810 ἈΕΝΙΕΙυοε
1081 702 1160 775 vr.
1218 725 1252 773 v.
1295 719 1362 796 94.

355 872 574 966 Extemique
592 872 720 944 iterum
737 870 894 942 thalami.

355 988 416 1059 Tu
435 1013 482 1060 ne
503 986 589 1058 cede
609 986 738 1070 malis:
770 985 832 1057 sed
851 1002 974 1058 contra
993 981 1182 1054 audentior
1200 971 1277 1072 aa,

354 1102 441 1208 Qua
456 1120 517 1173 tua
534 1120 570 1171 te
587 1087 733 1191 'fortuna
752 1101 851 1172 sinet.
891 1101 950 1172 via
969 1099 1086 1194 prima
1106 1097 1250 1184 salutis,

355 1217 472 1325 Quod
491 1215 645 1288 minime
664 1217 769 1305 reris,
795 1214 900 1286 Graia
920 1213 1097 1307 pandetur
1116 1214 1161 1284 ab
1181 1211 1279 1284 urbo.

379 1327 383 1336 ’
412 1331 564 1420 Talibus
584 1355 628 1403 ex
647 1330 756 1426 adyto
778 1330 882 1402 dictis
900 1328 1058 1400 Cumaea
1077 1327 1214 1422 Sibylla

354 1446 560 1534 Horrendas
579 1447 675 1517 canit
694 1446 884 1544 ambages,
909 1462 1086 1537 antroque
1103 1443 1285 1542 remugit,

355 1561 530 1640 Obscuris
547 1587 627 1652 vera
648 1545 858 1650 involvens.¹
886 1586 927 1631 ea
945 1556 1041 1629 frena
1060 1558 1193 1630 furenti

357 1677 550 1769 Concutit,
577 1695 612 1746 et
632 1678 798 1753 stimulos
819 1674 885 1747 sub
906 1692 1051 1770 pectore
1069 1674 1172 1745 vertit
1190 1670 1342 1768 Apollo.

354 1791 405 1864 Ut
424 1791 584 1886 primum
602 1792 707 1863 cessit
725 1789 844 1880 furor,
866 1809 901 1862 et
918 1789 1041 1860 rabida
1062 1815 1122 1862 ora
1143 1788 1335 1883 quieruntr
1411 1849 1420 1868 .

354 1908 491 2003 Incipit
506 1905 643 1978 Aeneas
664 1908 768 1978 heros
793 1935 801 1976 ι
830 1905 918 1977 Νοη
937 1906 1011 1976 ulla
1031 1905 1220 1995 laborum,

355 2024 393 2094 O
411 2022 537 2120 virgo,
557 2046 652 2101 nora
672 2024 724 2092 mi
743 2020 851 2093 facies
873 2021 1070 2115 inopinave
1092 2021 1210 2118 surgit.

357 2138 497 2209 Omnia
516 2138 707 2232 praecepi,
731 2159 839 2230 atque
859 2136 983 2207 animo
1002 2160 1146 2207 mecum
1168 2155 1250 2215 ante
1268 2137 1395 2236 peregi

355 2252 481 2344 Unum
503 2277 567 2335 oto
593 2280 603 2342 ².
632 2251 778 2345 quando
792 2247 857 2330 hic
877 2250 1005 2321 inferni
1021 2254 1130 2349 janua
1147 2251 1237 2348 regis

355 2367 520 2455 Dicitur,
542 2385 577 2438 et
594 2367 780 2439 tenebrosa
792 2368 904 2462 'palus
921 2363 1121 2437 Acheronte
1141 2365 1281 2440 refuso:

357 2484 414 2564 Ire
433 2482 479 2552 ad
497 2500 732 2577 conspectum
751 2484 819 2554 cari
840 2482 1010 2582 genitoris
1030 2499 1065 2559 et
1085 2507 1145 2554 ora

357 2597 581 2694 Contingat:
611 2598 740 2680 doceas
761 2599 844 2690 iter,
870 2616 905 2669 et
923 2621 1015 2669 sacra
1037 2598 1127 2668 ostia
1145 2596 1291 2692 pandas.

355 2713 470 2799 Illum
488 2737 554 2809 ego
570 2737 635 2806 per
651 2712 838 2803 flammas,
864 2732 900 2784 et
914 2714 1017 2787 mille
1035 2713 1218 2806 sequentia
1238 2715 1309 2786 tela

355 2828 482 2923 Eripui
501 2829 557 2901 his
572 2829 751 2918 humeris,
776 2829 981 2922 medioque
998 2853 1042 2900 ex
1061 2829 1164 2901 hoste
1182 2829 1322 2923 recepi:

356 2945 426 3016 Ille
446 2968 571 3014 meum
590 2945 783 3030 comitatus
802 2943 888 3034 lter,
912 2945 1021 3018 maria
1040 2947 1163 3015 omnia
1183 2967 1349 3032 mecum,

355 3058 478 3152 Atque
499 3060 619 3144 omnis
639 3060 830 3156 pelagique
847 3060 965 3134 minas
983 3062 1148 3153 coelique
1164 3058 1297 3132 ferebat

354 3172 562 3262 invalidus,
584 3175 675 3245 vires
691 3175 781 3244 ultra
801 3194 1007 3268 sortemque
1026 3194 1195 3248 senectae.

356 3287 491 3392 Quin,
512 3306 551 3362 ut
571 3308 606 3361 te
625 3289 781 3382 supplex
798 3308 981 3383 peterem,
1003 3309 1037 3362 et
1057 3309 1118 3379 tua
1139 3289 1267 3362 limina
1287 3288 1451 3383 adirem,

355 3403 463 3473 Idem
479 3427 588 3487 ,orans
608 3402 776 3474 mandata
796 3405 913 3477 dabar.
945 3404 1115 3503 gnatique
1135 3406 1342 3499 patrisque,

355 3516 481 3607 Alma,
508 3542 654 3611 precor,
680 3518 853 3602 miserere.
890 3537 996 3613 potes
1014 3544 1173 3613 namque
1192 3521 1344 3594 omnia:
1375 3542 1441 3593 nec
1461 3537 1499 3594 te

357 3632 619 3737 Nequidquam
638 3634 727 3706 lucis
745 3633 879 3708 Hecate
900 3633 1068 3729 praefecit
1091 3634 1250 3707 Avernis.

355 3746 393 3821 si
411 3750 534 3845 potuit
550 3750 668 3833 manis
688 3773 855 3823 arcessere
874 3750 1037 3850 conjugis
1057 3750 1247 3845 Orpheus,

355 3864 518 3944 Threicia
537 3864 645 3937 fretus
663 3864 792 3954 cithara
811 3864 1017 3960 fidibusque
1038 3866 1175 3948 canoris
1194 3893 1202 3936 ε

355 3979 391 4056 Si
411 3978 551 4060 fratrem
569 3981 702 4051 Pollux
721 3983 853 4053 alterna
873 4004 989 4055 morte
1007 3981 1183 4073 redemit,

357 4094 464 4188 Itque
484 4095 646 4188 reditque
665 4096 760 4167 viam
779 4098 921 4169 totiens.
965 4098 1055 4192 quid
1074 4097 1232 4186 Thesea,
1253 4123 1426 4200 magnum

356 4208 459 4320 Quid
479 4233 682 4295 memorem
702 4209 856 4292 Alciden
876 4216 892 4284 ?
922 4233 958 4284 et
977 4214 1028 4296 mi
1050 4238 1161 4311 genus
1179 4214 1224 4286 ab
1240 4214 1332 4302 Jove
1352 4239 1514 4291 summo.

385 4327 390 4338 ’
414 4323 566 4396 Talibus
586 4325 710 4398 orabat
728 4327 860 4416 dictis,
886 4354 1031 4421 arasque
1051 4329 1220 4408 tenebat;

354 4437 483 4544 Quom
505 4439 554 4511 sic
573 4465 649 4512 orsa
670 4443 774 4534 loqui
792 4462 889 4513 vates
910 4471 917 4511 :
943 4442 1023 4516 Sate
1045 4445 1215 4541 sanguine
1235 4441 1393 4540 divim,

353 4555 447 4628 Tros
467 4555 704 4646 Anchisiade,
727 4555 839 4627 facilis
860 4557 1050 4630 descensus
1068 4556 1209 4648 Averno
1233 4579 1297 4634 est.
1389 4550 1393 4558 ¹
