3750 6217
351 747 432 802 nrt
564 716 1009 796 'AENEIDOS
1065 717 1112 787 V.
1170 741 1204 788 v.
1251 736 1342 813 193.

348 890 534 983 Ionioque
554 887 665 975 mari,
686 885 895 979 Maleaeque
912 882 1123 978 sequacibus
1146 882 1265 955 undis

348 1004 439 1078 Non
451 1006 530 1103 jam
547 1002 662 1097 prima
680 1020 767 1096 peto
786 1000 1016 1087 Mnestheus,
1040 1023 1159 1092 neque
1177 998 1317 1069 vincere
1336 1015 1444 1071 certo.

350 1117 587 1225 Quamquam
602 1142 625 1186 o
641 1118 649 1185 !
666 1116 728 1187 sed
747 1134 932 1209 superent,
953 1113 1087 1207 quibus
1102 1116 1173 1186 hoc
1183 1112 1397 1209 ,·Neptuue‚
1408 1112 1552 1190 dedisci.

349 1234 537 1310 Extremos
553 1231 686 1327 pudeat
704 1230 856 1301 redilsse.
898 1230 969 1301 hoc
986 1229 1137 1319 vincite,
1159 1230 1278 1320 cives,

349 1349 397 1422 Et
411 1347 598 1444 prohibete
616 1345 722 1417 nefas.
761 1344 826 1415 olli
846 1343 1036 1416 certamine
1059 1369 1207 1417 summo

350 1462 601 1540 Procumbunt
617 1490 626 1531 z
653 1462 760 1533 vastls
778 1459 900 1531 tremit
918 1458 1047 1530 ictibus
1064 1484 1163 1532 aerea
1181 1460 1338 1556 puppis,

350 1575 642 1670 subtrahiturque
661 1578 791 1647 solum.
831 1591 910 1645 tum
930 1573 1048 1645 creber
1067 1575 1243 1648 anhelitus
1262 1591 1357 1649 artus

350 1692 531 1786 Aridaque
552 1716 611 1761 ora
629 1690 770 1785 quatit:
800 1688 909 1761 sudor
927 1688 1007 1760 fluit
1024 1688 1188 1784 undique
1204 1689 1296 1764 rivis

350 1807 495 1882 Adtulit
515 1807 591 1902 ipse
606 1807 688 1877 viris
707 1822 873 1899 optatum
892 1828 992 1876 casus
1005 1791 1194 1881 honorem.

352 1922 522 2016 Namque
541 1920 660 1993 furens
679 1920 811 2008 animi,
832 1919 922 1992 dum
941 1945 1085 2015 proram
1103 1920 1151 1991 ad
1170 1943 1253 1993 saxa
1270 1918 1441 2021 suburget

353 2037 526 2124 Interior,
550 2038 740 2130 spatioque
758 2035 854 2107 subit
872 2034 1050 2133 Sergestus
1070 2037 1223 2131 iniquos

352 2150 487 2225 Infelix
504 2152 594 2223 saxis
611 2151 650 2220 in
666 2150 951 2246 procurrentibus
968 2153 1087 2229 haesit

354 2267 559 2339 Concussae
576 2284 713 2356 cautes,
733 2284 768 2337 et
784 2286 890 2338 acuto
911 2266 950 2337 in
968 2269 1102 2338 murice
1117 2267 1206 2340 remi

354 2382 494 2455 Obnixi
512 2406 699 2475 crepuere,
724 2383 898 2476 inlisaque
916 2405 1023 2477 prora
1040 2381 1225 2477 pependit.

355 2497 585 2595 Consurgunt
604 2515 749 2586 nautae,
771 2514 807 2569 et
825 2521 959 2597 magno
976 2499 1131 2569 clamore
1149 2513 1359 2570 morantur:

353 2612 579 2706 ferratasque
600 2611 728 2700 sudes,
751 2629 786 2684 et
803 2630 903 2684 acuta
920 2613 1069 2707 cuspide
1086 2631 1216 2691 contos

354 2727 591 2823 Expediunt3
617 2725 816 2821 fractosque
834 2729 959 2827 legunt
976 2730 1014 2799 in
1031 2730 1165 2829 gurgite
1184 2750 1313 2804 remos.

353 2843 405 2918 At
422 2845 534 2915 laetus
552 2842 777 2933 Mnestheus,
802 2868 1038 2938 successuque
1056 2846 1167 2916 acrior
1183 2845 1288 2939 ipso,

354 2957 513 3059 Agmine
531 2981 712 3030 remorum
732 2960 856 3048 celeri,
881 2961 1068 3053 ventisque
1086 2959 1241 3047 vocatis,

354 3073 473 3148 Prona
490 3073 579 3169 petit
594 3072 729 3162 maria,
753 3092 789 3146 et
804 3076 933 3172 pelago
951 3076 1101 3149 decurrit
1118 3094 1252 3171 aperto.

356 3186 488 3294 Qualis
507 3190 676 3282 spelunca
693 3188 812 3260 subito
834 3211 1006 3263 conmota
1023 3191 1214 3281 columba,

358 3302 429 3374 Cul
450 3302 583 3380 domus
600 3319 635 3384 et
652 3301 775 3374 dulces
793 3304 973 3376 latebroso
996 3308 1031 3377 in
1052 3309 1196 3402 pumice
1216 3306 1315 3395 nidi,

359 3417 480 3489 Fertur
499 3416 538 3485 in
557 3440 637 3487 arva
654 3418 801 3507 volans,
827 3420 1071 3516 plausumque
1088 3423 1245 3496 exterrita
1265 3421 1396 3517 pennis

359 3532 432 3604 Dat
449 3549 543 3602 tecto
565 3532 746 3628 ingentem
762 3563 771 3612 ;
795 3558 885 3608 mox
901 3546 977 3608 a‘e're
995 3537 1093 3608 labsa
1112 3537 1236 3630 quieto

359 3646 472 3720 Radit
491 3647 556 3718 iter
573 3646 777 3739 liquidum,
803 3650 923 3721 celeris
941 3676 1060 3745 neque
1080 3670 1274 3723 conmovet
1290 3653 1385 3726 alas:

358 3761 415 3840 Sic
433 3763 661 3851 Mnestheus,
682 3762 731 3836 sic
752 3763 829 3858 ipsa
847 3763 931 3863 luga
948 3787 1041 3839 secat
1056 3767 1184 3839 ultima
1199 3767 1321 3841 Pristis

359 3879 545 3974 Aequora3
568 3881 617 3954 sic
636 3879 736 3950 illam
755 3878 822 3955 fert
840 3882 984 3978 inpetus
1001 3884 1078 3978 ipse
1096 3883 1290 3958 volantem

360 3994 407 4068 Et
424 3996 584 4091 primum
606 3996 645 4065 in
662 3998 814 4090 scopulo
834 4000 1030 4070 luctantem
1049 4000 1175 4078 deserit
1193 4002 1266 4072 alto

359 4108 583 4209 Sergestum,
602 4109 840 4207 brevibusque
856 4114 976 4204 vadis,
998 4114 1194 4209 frustraque
1212 4134 1402 4189 vocantem

360 4223 524 4313 Auxilia,
546 4244 581 4296 et
597 4224 713 4299 fractis
732 4227 929 4309 discentem
948 4256 1079 4302 currere
1098 4231 1215 4303 remis.

360 4338 453 4416 Inde
471 4338 598 4435 Gyan,
619 4340 808 4436 ipsamque
828 4346 962 4443 ingenti
980 4347 1080 4416 mole
1099 4344 1325 4417 Chimaeram

360 4451 613 4549 Consequitur.
654 4456 773 4536 cedit:
804 4461 979 4553 quoniam
998 4460 1150 4552 spoliata
1166 4458 1335 4557 magistro
1356 4479 1419 4538 est.

360 4565 467 4657 Solus
478 4572 630 4683 jamque
648 4571 729 4680 ipso
748 4592 906 4679 superest
921 4574 961 4652 in
978 4572 1049 4653 fine
1069 4572 1289 4661 Cloanthus:
