3750 6217
355 808 430 879 ¹74
534 783 979 859 AENEIDOS
1038 787 1129 858 Ill.
1186 803 1221 857 v.
1270 797 1417 898 391.···

348 939 510 1049 Triginta
529 952 688 1046 capitum
707 949 801 1021 fetus
819 951 941 1041 enixa,
960 952 1113 1049 jacebit,

348 1067 465 1156 Alba,
490 1067 569 1138 solo
588 1064 778 1154 recubans,
804 1062 875 1135 albi
895 1067 1028 1138 circum
1048 1066 1156 1138 ubera
1173 1066 1272 1137 nati:

348 1182 388 1255 Is
407 1183 509 1253 locus
528 1179 626 1253 urbis
646 1181 710 1252 erit
731 1208 738 1249 :
768 1181 909 1276 requies
925 1208 966 1253 ea
984 1199 1074 1253 certa
1092 1182 1270 1254 laborum.

348 1296 427 1369 Nec
444 1315 485 1367 tu
503 1318 708 1367 mensarum
724 1320 866 1368 morsus
885 1297 1047 1369 horresce
1067 1296 1228 1369 futuros:

349 1412 436 1486 Fata
449 1412 550 1483 viam
571 1411 778 1500 invenient,
798 1411 981 1505 aderitque
998 1431 1145 1485 vocatus
1163 1412 1315 1507 Apollo.

349 1527 425 1599 Has
442 1545 565 1599 autern
582 1544 709 1615 terras,
732 1527 886 1620 Italique
909 1527 1001 1597 hanc
1019 1528 1132 1599 litoris
1152 1551 1276 1615 oram,

349 1643 531 1713 Proxuma
552 1667 644 1734 quae
669 1642 780 1712 nostri
800 1640 1026 1735 perfunditur
1045 1643 1212 1736 aequoris
1231 1658 1348 1731 aestu,

349 1756 474 1857 Effuge
501 1787 508 1826 ι
538 1774 664 1827 cuncta
680 1749 786 1828 malis
804 1755 1003 1828 habitantur
1020 1758 1168 1828 moenia
1186 1755 1310 1828 Graiis.

349 1868 421 1946 Hic
443 1890 477 1943 et
494 1869 636 1965 Narycii
658 1887 856 1966 posuerunt
880 1873 1027 1943 moenia
1051 1871 1181 1959 Locri,

350 1987 398 2061 Et
420 1983 637 2058 Sallentinos
658 1985 799 2059 obsedit
815 1987 932 2057 milite
950 2012 1100 2082 campos

351 2101 497 2199 Lyctius
517 2102 739 2175 Idomeneus
758 2125 766 2169 t
795 2095 852 2172 hic
867 2103 931 2172 illa
950 2102 1052 2192 ducis
1070 2099 1245 2174 Meliboei

352 2219 461 2292 Parva
480 2218 697 2288 Philoctetae
716 2215 868 2288 subnixa
886 2215 1011 2289 Petilia
1027 2243 1145 2289 muro.

352 2334 478 2440 Quin,
497 2332 562 2403 ubi
580 2332 802 2404 transmissae
820 2333 978 2404 steterint
995 2352 1089 2406 trans
1105 2357 1261 2428 aequora
1280 2333 1428 2425 classes,

351 2449 398 2521 Et
417 2449 544 2545 positis
562 2447 628 2519 aris
640 2450 717 2546 jam
733 2463 818 2518 vota
837 2447 875 2517 in
896 2448 999 2519 litore
1020 2450 1154 2538 solves,

350 2561 536 2659 Purpureo
557 2565 672 2634 velare
690 2585 812 2634 comas
830 2563 1023 2658 adopertus
1043 2567 1198 2644 amictu;

350 2677 409 2750 Ne
427 2705 499 2772 qua
519 2680 609 2751 inter
627 2698 768 2750 sanctos
788 2677 879 2777 ignis
898 2679 935 2749 in
955 2679 1094 2751 honore
1117 2681 1270 2750 deorum

351 2793 504 2867 Hostilis
524 2793 631 2865 facies
650 2811 825 2883 occurrat,
848 2813 883 2865 et
902 2796 1026 2865 omina
1045 2796 1172 2867 turbet.

351 2909 461 2982 Hunc
481 2910 570 2983 socii
587 2934 727 2980 morem
748 2929 950 2998 sacrorum,
974 2911 1071 2982 hunc
1090 2911 1168 3007 ipse
1185 2928 1329 2982 teneto:

350 3019 428 3098 Hac
449 3027 532 3098 casti
551 3043 721 3097 maneant
740 3026 778 3095 in
797 3026 970 3123 religione
987 3044 1147 3121 nepotes.

351 3142 438 3232 Ast,
456 3140 520 3212 ubi
538 3141 737 3240 digressum
755 3139 892 3212 Siculae
912 3159 947 3212 te
967 3142 1167 3214 admoverit
1189 3165 1271 3213 orae

350 3257 514 3344 Ventus,
537 3275 576 3326 et
593 3256 732 3353 angusti
753 3274 923 3327 rarescent
944 3259 1090 3329 claustra
1111 3258 1252 3344 Pelori,

352 3373 468 3444 Laeva
485 3371 552 3441 tibi
571 3372 702 3458 tellus,
725 3387 760 3439 et
781 3372 893 3468 longo
919 3373 1016 3441 laeva
1034 3391 1198 3465 petantur

351 3486 521 3579 Aequora
542 3485 685 3555 circuitu
709 3512 716 3551 :
746 3483 910 3554 dextrum
931 3479 1014 3582 fuge
1035 3487 1141 3572 litus,
1162 3500 1197 3554 et
1218 3481 1344 3553 undas.

350 3601 450 3671 Haec
468 3601 547 3671 loc‘a
567 3600 604 3668 vi
624 3596 831 3692 quondam,
852 3617 887 3669 et
903 3617 998 3669 vasta
1021 3600 1192 3668 convolsa
1214 3599 1315 3669 ruina

353 3717 541 3812 (Tantum
561 3712 637 3785 aevi
656 3713 856 3810 longinqua
872 3715 966 3783 valet
986 3731 1124 3783 mutare
1142 3715 1320 3806 vetustas)

351 3831 556 3905 Dissiluisse
578 3830 713 3918 serunt,
737 3852 852 3920 quom
877 3838 1048 3922 protenus
1070 3846 1217 3921 utraque
1240 3830 1347 3903 tellus

351 3947 433 4018 Una
455 3947 546 4018 foret
570 3974 577 4014 :
606 3946 705 4017 venit
723 3943 847 4013 medio
867 3944 902 4013 vi
926 3963 1088 4037 pontuS,
1110 3961 1145 4016 et
1160 3944 1269 4015 undis

349 4061 567 4156 Hesperium
588 4059 708 4131 Siculo
732 4060 824 4130 latus
848 4057 1026 4148 abscidit,
1055 4084 1207 4154 arvaque
1225 4079 1261 4132 et
1281 4060 1386 4133 urbes

351 4177 473 4248 Litore
491 4175 655 4264 diductas
674 4191 824 4271 angusto
843 4174 999 4246 interluit
1014 4194 1121 4247 aestu.

349 4289 526 4362 Dextrum
544 4288 660 4384 Scylla
680 4291 793 4378 latus,
817 4290 960 4359 laevom
981 4291 1158 4385 inplacata
1179 4288 1378 4384 Charybdis

351 4405 526 4494 Obsidet,
546 4422 657 4496 atque
680 4406 757 4474 imo
781 4403 930 4473 barathri
952 4425 1004 4476 ter
1022 4407 1157 4503 gurgite
1179 4424 1298 4475 vastos

349 4518 477 4592 Sorbet
499 4521 537 4589 in
558 4519 751 4614 abruptum
769 4517 925 4608 flu'ctus,
954 4533 1144 4611 rursusque
1170 4518 1236 4591 sub
1257 4539 1358 4592 auras

349 4634 460 4737 Erigit
479 4636 652 4729 alternos,
676 4656 711 4709 et
731 4635 845 4711 sidera
866 4632 1022 4708 verberat
1042 4634 1147 4705 unde.
