3750 6217
412 732 1486 855 AENE1nosxl1.v.491;-405·

236 906 403 990 Substitit
423 903 585 996 Aeneas,
611 924 647 978 et
667 930 705 979 se
723 906 881 1004 conlegit
900 906 939 976 in
956 931 1075 995 arma,

237 1025 384 1121 Poplite
403 1021 592 1096 subsidens
611 1051 619 1091 ι
649 1023 792 1119 apicem
806 1040 929 1095 tamen
947 1023 1053 1094 incita
1071 1045 1263 1094 summum

236 1141 346 1213 Hasta
364 1141 470 1229 tulit,
490 1164 728 1234 summasque
746 1140 899 1211 excussit
918 1138 1045 1210 vertice
1062 1137 1188 1210 cristas.

236 1258 337 1329 Tum
353 1281 437 1328 vero
457 1256 652 1356 adsurgunt
666 1257 754 1345 irae,
777 1254 988 1358 insidiisque
1008 1254 1200 1343 subactus,
1310 1304 1315 1311 -

235 1372 406 1446 Diversus
423 1372 488 1443 ubi
510 1374 619 1445 sensit
641 1397 758 1466 equos
783 1396 997 1467 cursumque
1017 1369 1156 1461 referri,

235 1487 354 1560 Multa
368 1488 499 1578 Jovem
515 1508 551 1561 et
570 1490 655 1561 laesi
674 1506 821 1561 testatus
842 1487 996 1561 foederis
1016 1512 1108 1579 aras,

187 1664 189 1668 .
230 1603 315 1694 Jarn
335 1605 483 1676 tandem
503 1606 641 1679 invadit
659 1605 822 1684 medios;
848 1623 885 1677 et
900 1604 1014 1677 Marte
1032 1601 1191 1677 secundo
1202 1655 1217 1695 ,

235 1718 442 1811 Terribilis,
466 1747 606 1794 saevam
626 1723 730 1793 nullo
749 1721 954 1794 discrimine
971 1720 1119 1793 caedem

234 1835 408 1917 Suscitat;
432 1838 634 1934 irarumque
659 1838 781 1911 omnis
803 1837 956 1911 effundit
973 1837 1141 1911 habenas.

293 1951 388 2059 Quis
408 1954 499 2024 mihi
522 1979 619 2028 nunc
640 1973 697 2028 tot
716 1955 840 2028 acerba
864 1954 972 2046 deus,
994 1955 1077 2049 quis
1095 1953 1251 2027 carmine
1274 1955 1400 2032 caedes

233 2066 417 2160 Diversas',
441 2068 659 2166 obitumque
678 2071 812 2144 ducum
828 2128 839 2163 ,
861 2096 957 2166 quos
978 2094 1134 2166 aequore
1153 2088 1233 2144 toto

233 2184 354 2279 Inque
377 2186 494 2257 vicem
519 2213 617 2259 nunc
637 2188 786 2262 Turnus
806 2188 902 2290 agit,
926 2212 1024 2261 nunc
1048 2186 1181 2260 Troius
1205 2185 1329 2281 heros,

231 2298 447 2395 Expediat?
476 2307 614 2376 tanton’
638 2306 777 2396 placuit
796 2327 1002 2373 concurrere
1022 2318 1153 2391 motu,

228 2415 424 2510 Juppiter,
448 2434 587 2487 aeterna
607 2436 728 2513 gentes
750 2418 789 2486 in
812 2440 901 2511 pace
921 2414 1085 2488 futuras?

233 2530 371 2602 Aeneas
392 2528 573 2600 Rutulum
593 2529 815 2622 Sucronem,
839 2532 908 2624 (ea
928 2530 1045 2625 prima
1061 2532 1195 2604 ruentis

233 2645 359 2744 Pugna
379 2647 463 2717 loco
484 2647 606 2717 statuit
626 2643 815 2739 Teucros)
841 2647 940 2715 hand
960 2648 1075 2716 multa
1096 2667 1281 2739 moratus,

232 2760 379 2857 Excipit
401 2763 440 2832 in
461 2762 572 2849 latus,
594 2778 654 2849 et,
677 2784 749 2852 qua
768 2757 838 2829 fata
855 2759 1059 2849 celerrima,
1081 2760 1234 2832 crudum

232 2876 458 2973 Transadigit
476 2892 590 2947 costas
609 2893 645 2945 et
668 2890 777 2945 crates
800 2874 955 2967 pectoris
977 2897 1111 2947 ensem.

232 2991 381 3062 Turnus
406 3014 503 3082 equo
525 2989 707 3093 dejectum
727 2987 932 3084 Amycum,
957 2986 1172 3085 fratremque
1194 2992 1333 3066 Dioren

232 3106 453 3203 Congressus
472 3104 585 3200 pedes
609 3133 617 3174 ς
645 3105 746 3176 hunc
763 3105 969 3176 venientem
989 3107 1138 3202 cuspide
1160 3109 1295 3207 longa,

232 3222 344 3294 Hunc
364 3245 539 3292 mucrone
560 3219 660 3299 ferit3
685 3245 860 3315 curruque
883 3220 1018 3294 abscisa
1038 3223 1196 3295 duorum

232 3337 429 3431 Suspendit
452 3337 593 3432 capita,
620 3354 656 3408 et
673 3338 826 3410 rorantia
844 3339 1016 3437 sanguine
1035 3356 1163 3434 portat

230 3454 301 3524 Ille
323 3453 467 3542 Talon,
489 3452 718 3548 Tanaimque
736 3454 839 3543 neci,
863 3452 1067 3548 fortemque
1089 3455 1313 3556 Cethegum,

232 3567 315 3640 Tris
334 3594 410 3639 uno
433 3593 649 3667 congressu,
672 3584 707 3640 et
727 3587 905 3641 maestum
922 3571 1036 3644 mittit
1054 3572 1224 3666 Onyten,

231 3685 380 3757 Nomen
403 3683 645 3775 Echionium,
669 3685 863 3779 matrisque
882 3711 995 3784 genus
1012 3687 1180 3758 Peridiae.

231 3800 305 3872 Hic
322 3800 441 3872 fratres
462 3801 572 3896 Lycia
593 3802 724 3874 missos
745 3818 781 3872 et
800 3798 984 3895 Apollinis
1004 3803 1117 3899 agris,

232 3916 279 3989 Et
296 3919 468 4014 juvenem
489 3941 640 3988 exosum
664 3916 913 4012 nequidquam
933 3916 1028 3988 bella
1051 3916 1245 3989 Menoeten

222 4030 397 4104 Arcada:
427 4031 588 4125 piscosae
612 4034 670 4102 cui
694 4033 828 4104 circum
849 4031 1003 4104 flumina
1026 4034 1159 4104 Lernae

233 4148 300 4220 Ars
325 4146 457 4235 fuerat,
484 4172 697 4242 pauperque
719 4148 875 4228 domus;
902 4174 967 4220 nec
988 4168 1075 4221 nota
1096 4164 1291 4245 potentum

232 4263 380 4335 Limina
403 4290 411 4330 :
441 4262 693 4357 conductaque
711 4283 810 4358 pater
828 4267 955 4336 tellure
978 4266 1123 4338 serebat.
1168 4294 1172 4301 ·

232 4378 287 4451 Ac
308 4381 406 4451 velut
426 4379 566 4452 inmissi
586 4378 730 4451 diversis
751 4379 912 4473 partibus
930 4382 1029 4480 ignes

232 4493 403 4566 Arentem
426 4496 466 4565 in
486 4497 634 4587 silvam,
659 4511 694 4567 et
715 4496 864 4593 virgulta
886 4497 1049 4570 sonantia
1072 4501 1196 4583 lauror

234 4609 308 4684 Aut
328 4611 392 4684 ubi
411 4611 563 4690 decursu
581 4611 710 4710 rapido
734 4611 780 4685 de
801 4611 989 4690 montibus
1010 4614 1091 4691 altis
1191 4607 1194 4612 ¹
