3750 6217
370 762 422 821 tv

373 936 414 987 eu
433 911 527 981 nimio
549 908 775 1001 elegantiarum
797 905 1074 978 consectandorum
1093 905 1219 997 studio,
1244 910 1401 979 inuectam
1420 909 1452 979 in
1472 904 1575 980 locum

372 1050 464 1126 quem
482 1027 667 1102 intentatum
683 1023 847 1092 maluisses
874 1051 885 1089 .·
916 1022 1044 1109 oliasin
1064 1022 1261 1094 librariorum
1281 1023 1345 1094 luto
1364 1024 1516 1112 ltaereas,
1537 1022 1575 1094 ob

371 1159 526 1212 retentam
541 1164 678 1243 prauam
696 1139 876 1225 lectionem,
899 1139 952 1208 cui
961 1137 1225 1229 aliasufficiendo
1240 1156 1307 1209 erat
1320 1163 1336 1210 e
1346 1138 1577 1239 probatissimis

374 1252 531 1328 codicibus
549 1272 682 1324 enotata.
715 1251 844 1323 Deinde
859 1253 913 1322 ubi
929 1253 1012 1324 lobes
1024 1248 1196 1350 manifesto
1215 1254 1307 1324 libros
1322 1279 1426 1325 omnes
1438 1255 1575 1342 insedit,

372 1396 467 1468 quarn
474 1366 570 1465 felici
579 1421 590 1456 ,
614 1369 748 1464 adeoque
763 1367 919 1465 probabili
934 1371 1112 1467 conjectura
1135 1368 1297 1439 sustulerit
1308 1371 1459 1467 primarii
1476 1372 1577 1469 cujus·

365 1602 507 1702 potuisse
527 1599 695 1676 uideatur;
705 1623 809 1696 praua
830 1598 937 1690 religio
952 1598 1150 1667 librariorum
1172 1600 1300 1669 retinuit
1317 1600 1445 1690 sordes,
1466 1599 1578 1697 quibus

362 1714 499 1818 fitedari
520 1738 579 1785 non
606 1713 735 1783 debebat
760 1712 882 1806 Virgilii
898 1723 1070 1811 purpura'
1402 1807 1407 1817 Ι

364 1816 366 1821 ¹
430 1830 498 1902 His
526 1830 611 1900 uitiis
634 1854 795 1907 occurrere
824 1828 934 1903 voluis
963 1853 1057 1924 eoque
1080 1828 1285 1927 splendidiori
1310 1830 1426 1899 leonine
1454 1830 1607 1923 Virgilii‘

367 1938 476 2048 poisin
500 1970 575 2013 cura
595 1968 667 2014 mea
684 1944 862 2040 effitlsurom
879 1943 1017 2038 corfido,
1035 1968 1094 2042 quo
1110 1946 1270 2014 certiorem
1284 1943 1379 2015 babeo
1400 1942 1579 2041 omnisfere

373 2057 554 2133 mutationis
575 2078 741 2129 auctorem.
781 2060 819 2129 Is
837 2059 933 2157 ipsius
958 2077 1005 2129 est
1030 2058 1144 2129 Poitae
1162 2061 1313 2157 interpres
1335 2061 1474 2130 omnium
1488 2060 1580 2155 longe

367 2176 683 2278 praestantissimus,
713 2171 818 2244 CHll.
850 2172 987 2244 GOTT
985 2173 1024 2244 L.
1048 2173 1121 2245 HE
1129 2173 1253 2262 YNE,
1281 2177 1370 2275 cujus
1394 2174 1523 2246 subacto
1543 2175 1579 2245 in

381 2292 505 2385 Virgilii
520 2290 647 2360 lectione
658 2288 801 2389 judicio,
815 2306 907 2359 acuto
922 2289 1065 2382 ingenio,
1083 2289 1388 2387 elegantissimaeque
1403 2289 1578 2378 doctrinae,

375 2399 587 2506 quodcumque
609 2404 680 2475 boni
695 2421 741 2474 est
759 2406 791 2474 in
804 2404 863 2474 ltcc
880 2404 1034 2493 editione,
1055 2404 1191 2475 debetur.
1221 2405 1294 2476 Nec
1310 2406 1410 2476 solum
1425 2406 1581 2501 exquisita
1688 2469 1693 2483 ,

374 2524 432 2595 illo
462 2522 627 2592 Variarum
655 2517 841 2590 Lectionum
867 2520 973 2607 crisi,
1006 2545 1086 2616 quae
1113 2520 1375 2593 Bumtannianoa
1410 2519 1594 2592 recensioni

362 2637 518 2736 subjecta
540 2653 586 2706 est
606 2636 639 2709 in
657 2636 775 2734 majore
798 2632 871 2705 HE
879 2633 991 2705 YNII
1008 2635 1163 2724 editione,
1185 2637 1343 2734 alteraque
1363 2638 1482 2708 minore
1504 2658 1582 2706 usus

376 2776 475 2839 sum,
498 2775 591 2846 quarn
610 2750 697 2819 baud
709 2749 819 2849 paullo
845 2748 1087 2823 emendatiorem
1109 2751 1142 2821 in
1163 2751 1301 2822 tironum
1318 2752 1461 2845 gratiam
1485 2751 1579 2821 ador·

376 2866 486 2943 nouit:
503 2864 572 2936 ‘sed
585 2890 680 2963 quum
688 2889 876 2965 propensam
889 2866 922 2935 in
940 2889 990 2934 me
1010 2864 1129 2964 Optimi
1148 2864 1216 2936 Viri
1227 2865 1417 2939 uoluntatem
1428 2865 1583 2966 plurimis

376 2982 514 3077 officiis,
539 2980 648 3077 quibus
668 2982 788 3054 utinam
797 2983 896 3079 patio
907 2980 1036 3054 reddere
1047 3006 1195 3080 pom,
1214 3000 1357 3082 rupertus
1374 3007 1490 3071 em,
1508 3005 1582 3053 cum

378 3124 414 3174 co
436 3097 557 3169 consilii
569 3098 633 3167 mci
650 3120 802 3186 caussas,
829 3097 1045 3186 αααααίααααι,
1071 3098 1280 3195 rationemque
1300 3124 1422 3173 omnem
1443 3121 1579 3169 commu·

376 3214 506 3300 nicoui,
530 3211 682 3305 simulque
705 3213 816 3305 rogaui
828 3264 839 3300 ‚
863 3231 898 3283 ut
916 3212 995 3283 mibi
1013 3238 1222 3311 quaecumque
1244 3213 1277 3284 in
1304 3213 1427 3307 Virgilii
1452 3213 1583 3284 lectione

377 3326 533 3405 mutanda
542 3341 701 3412 censeret,
722 3343 993 3412 commonstraret,
1014 3343 1066 3411 et,
1080 3328 1111 3394 si
1119 3322 1289 3420 quidforte
1303 3329 1378 3397 noui
1387 3327 1439 3397 uel
1451 3325 1583 3417 legendo

376 3442 431 3518 uel
445 3437 678 3511 commentando
697 3439 934 3532 investigasset,
954 3438 1037 3534 quod
1048 3439 1081 3508 in
1097 3438 1283 3514 adversaria
1296 3440 1470 3528 recedisset,
1490 3457 1526 3509 ut
1543 3463 1584 3511 ea

377 3580 483 3634 meum
501 3555 534 3624 in
551 3577 644 3623 usttm
661 3569 838 3640 excuteret,
859 3555 1042 3647 omniaque,
1066 3576 1145 3648 quac
1160 3551 1286 3624 baberet
1298 3554 1343 3625 ed
1352 3553 1467 3628 Poitaa
1481 3579 1583 3628 ernen-

376 3671 536 3746 dationcm
557 3668 773 3769 pertinentia,
798 3667 878 3737 mibi
894 3665 1095 3739 submitteret.
1125 3664 1246 3737 Nonis
1265 3686 1313 3740 est
1330 3668 1404 3742 HE
1410 3669 1442 3741 Y
1437 3669 1499 3743 NI
1501 3670 1559 3743 ilS
1566 3722 1581 3761 ,

376 3789 434 3889 qui
438 3840 449 3877 ,
468 3810 560 3882 quem
577 3785 681 3856 uirum
698 3809 769 3858 ase
787 3785 893 3855 amari
913 3782 1045 3877 dignum
1047 3781 1264 3883 judicaverit,
1281 3784 1438 3859 sibonum
1456 3810 1583 3886 operam

378 3901 575 3977 cotnmodare
602 3918 750 3980 recusus
779 3924 926 3996 meaeque
951 3895 1028 3975 odeo
1047 3897 1218 3998 petitioni,
1245 3903 1388 3995 quamuis
1407 3901 1581 3991 molestae,

365 4016 504 4120 facilem
529 4042 563 4088 se
574 4014 742 4116 praebuit,
765 4040 822 4105 eo,
851 4035 887 4087 ut
905 4016 1030 4114 opinor,
1048 4014 1219 4113 promtiori
1237 4018 1361 4106 animo,
1383 4042 1443 4113 quo
1461 4041 1587 4116 semper

369 4136 519 4236 paratior
536 4151 582 4204 est
598 4133 770 4204 innumeris
787 4133 820 4204 in
846 4132 1026 4224 uniuersam
1045 4154 1111 4202 rem
1136 4128 1308 4207 literarium
1328 4133 1449 4204 meritis
1467 4156 1583 4205 nouum

353 4252 514 4346 'aliquem
537 4248 696 4323 cumulum
720 4247 846 4326 addere.
887 4245 955 4318 His
980 4269 1038 4339 ego
1059 4243 1206 4316 subsidiis
1234 4247 1282 4321 ito
1301 4249 1349 4321 uti
1372 4247 1520 4337 decrevi,
1546 4263 1583 4318 ut

376 4388 602 4464 quamcumque
619 4387 733 4434 nouam
746 4362 909 4436 lectionem
929 4361 968 4432 ab
983 4359 1057 4433 HE
1063 4359 1095 4431 Y
1090 4359 1151 4432 Nl
1153 4358 1181 4430 0
1201 4385 1269 4433 mec
1281 4363 1407 4463 publice
1413 4362 1583 4463 probatam

374 4481 580 4578 recepissem,
600 4502 670 4549 eam
693 4477 781 4548 nulla
803 4478 869 4552 alio
892 4479 1111 4574 confirmarem
1133 4478 1320 4575 auctoritate
1342 4506 1353 4549 .·
1383 4500 1584 4576 quaecunque

376 4619 450 4673 uero
470 4593 523 4666 uel
535 4593 689 4693 priuatim
709 4590 747 4661 ob
765 4617 799 4663 eo
814 4594 973 4681 monitus,
994 4591 1047 4663 uel
1063 4592 1166 4668 animo
1186 4578 1347 4671 obsecutus
1361 4618 1450 4690 tntu,
1467 4594 1585 4676 itemst-0

376 4729 519 4807 tcsstm,
539 4733 579 4787 aa
600 4706 780 4786 breuitrrin
798 4708 881 4784 notis
900 4708 1083 4787 indicarem·
1148 4807 1150 4812 Ι
1206 4778 1209 4782 ,
1436 4688 1460 4707 “’
