3750 6217
1586 739 2171 814 NOTAE.
2914 765 3074 837 433

797 935 830 984 1
852 914 890 986 8
912 935 979 985 9.
1038 912 1291 982 Martia
1336 910 1464 1004 qui
1513 907 1612 978 ob
1654 908 1974 1003 patriam.
2050 906 2166 978 Sic
2207 908 2464 979 membr.
2501 920 2765 978 nostrae.
2826 905 3084 1006 Heynio

672 1047 835 1102 totus
866 1051 1084 1101 versus
1120 1028 1357 1098 alienus
1397 1026 1662 1096 videtur.

797 1168 833 1219 9
860 1164 888 1215 1
916 1167 978 1215 1.
1052 1141 1145 1215 Et
1183 1165 1567 1215 numerum
1619 1138 1956 1210 divorum
2002 1138 2335 1212 altaribus
2389 1134 2610 1211 addit.
2689 1139 2777 1211 In
2823 1142 3075 1214 membr.
3120 1168 3129 1185 .

670 1263 899 1333 nostris
937 1275 1163 1358 auget.

794 1375 975 1467 964.
1037 1374 1456 1468 Sociusque.
1505 1375 1619 1444 Sic
1666 1375 1923 1444 membr.
1968 1390 2217 1443 nostrae
2251 1389 2432 1443 recte.

791 1516 835 1583 4
859 1517 884 1564 1
908 1515 977 1585 9.
1041 1489 1332 1585 Calybe.
1378 1492 1491 1561 Sic
1530 1491 1593 1560 in
1623 1489 1954 1578 Mediceo,
2005 1507 2167 1559 recte
2211 1518 2230 1556 :
2294 1514 2335 1558 a
2374 1489 2615 1560 Graeco
2642 1476 2943 1574 Καλῖιζη.

792 1607 979 1698 436.
1039 1605 1350 1677 Undam.
1411 1608 1525 1677 Sic
1576 1604 1905 1675 Mediceus
1962 1628 2105 1675 cum
2161 1608 2504 1704 scripturae
2554 1606 2959 1705 compendio;
3011 1622 3080 1677 at

671 1725 925 1795 membr.
970 1743 1214 1794 nostrae
1241 1724 1445 1822 plene.

791 1863 973 1929 444.
1038 1837 1320 1909 Gerent.
1365 1838 1482 1908 Sic
1521 1853 1683 1907 recte
1713 1837 1968 1908 membr.
2008 1854 2275 1909 nostrae.
2334 1835 2754 1908 Homericum
2772 1837 3079 1934 expressit

673 1942 971 2045 πὸλεμος
1001 1938 1061 2026 «3⁰
1109 1938 1418 2050 ἄνδρεσσι
1464 1940 1768 2043 μελῆσει.

794 2092 888 2162 54
909 2093 974 2161 3.
1037 2070 1129 2140 Et
1174 2069 1359 2140 coeli
1408 2093 1741 2141 conversa
1796 2093 1924 2162 per
1962 2092 2177 2141 auras.
2222 2069 2523 2158 ,Medicei
2567 2068 2700 2139 cod.
2753 2068 3078 2140 lectionem

666 2188 971 2256 revocavi.
1062 2186 1333 2279 Vulgata
1370 2209 1691 2257 convexa
1735 2209 1927 2256 sensu
1965 2203 2153 2257 caret.
2217 2185 2694 2257 Desiderantur
2717 2180 2816 2255 lu‘c
2843 2184 3077 2256 Poitae

666 2302 979 2372 secundae
1018 2325 1223 2369 curae.

788 2437 827 2500 5
846 2434 884 2498 5
903 2435 968 2499 5.
1031 2411 1236 2480 Talia
1272 2412 1621 2508 conjugia.
1683 2410 1797 2479 Sic
1848 2413 2038 2481 etiam
2087 2413 2340 2482 membr.
2385 2428 2654 2481 nostrae.
2692 2500 2699 2510 ι

788 2547 879 2613 57
908 2549 970 2609 7.
1034 2525 1290 2597 Caedis
1330 2542 1400 2595 et
1442 2524 1645 2624 ignis.
1708 2526 1821 2595 Sic
1861 2542 2022 2598 recte
2058 2526 2312 2597 membr.
2358 2545 2627 2597 nostrae.

792 2662 825 2726 7
848 2664 969 2716 99.
1034 2640 1429 2712 Contenita
1469 2641 1703 2712 tellus.
1765 2642 1882 2711 Sic
1920 2667 2157 2739 quoque
2194 2643 2448 2713 membr.
2497 2658 2773 2714 nostrae.

792 2756 970 2850 769.
1032 2754 1365 2828 Paeoniis
1414 2757 1771 2851 trisyllabon
1828 2775 1924 2827 est
1950 2809 1971 2844 ,
2040 2777 2112 2827 ut
2164 2755 2590 2848 connubiis,
2647 2758 2886 2829 duobus
2939 2760 3074 2832 iin

666 2899 861 2945 unum
920 2873 1399 2944 coalescentibus
1428 2925 1450 2960 ‚
1515 2871 1804 2941 sollemni
1853 2873 2232 2942 Latinorum
2291 2853 2636 2944 Poetarum
2689 2896 2874 2945 more.
2956 2875 3075 2947 Sic

665 2987 805 3059 diis
834 3040 855 3076 ,
915 2988 1000 3059 iis
1053 3012 1296 3086 semper
1345 3013 1473 3058 una
1530 2986 1771 3082 syllaba
1820 2988 2213 3081 efferuntur,
2268 2989 2436 3085 quod
2463 2991 2610 3088 jam
2663 2988 2811 3060 olim
2861 2988 3074 3062 docuit

662 3103 996 3176 Bentleius
1033 3104 1120 3174 ad
1158 3104 1444 3174 Terentii
1474 3101 1859 3173 Eunuchum
1891 3103 1996 3173 II.
2040 3124 2104 3176 9.
2148 3125 2266 3196 19.

788 3268 985 3339 VIII.
1034 3292 1075 3358 4
1095 3287 1158 3354 5.
1222 3269 1375 3339 Post
1412 3268 1577 3340 hunc
1605 3291 1856 3341 versum
1887 3269 2232 3368 importune
2268 3266 2482 3338 illatus
2495 3265 2641 3366 fuit
2675 3292 2895 3342 versus
2928 3268 3082 3340 libri

663 3385 813 3454 ΙΙΙ.
858 3405 954 3475 39
972 3406 1038 3475 3.

783 3523 907 3615 89.
969 3523 1207 3593 Melius
1263 3523 1425 3594 hunc
1476 3525 1679 3595 locum
1731 3525 2044 3616 distingui
2095 3523 2311 3595 debere
2362 3527 2603 3596 monuit
2655 3549 2777 3594 me·
2817 3523 3067 3617 elegan-

659 3639 942 3709 tissimus
992 3638 1281 3734 Heynius
1313 3670 1341 3716 ;
1403 3640 1520 3710 sed
1577 3641 1779 3710 serius
1828 3665 2019 3735 quam
2081 3642 2398 3737 oportuit,
2463 3658 2533 3708 ut
2592 3643 2740 3709 bene
2793 3640 3073 3708 monenti

660 3755 909 3850 obsequi
929 3758 1241 3852 potuerim
1263 3783 1284 3823 .·

896 3883 1082 3980 Ergo
1121 3885 1247 3955 iter
1286 3887 1658 3981 inceptum
1700 3887 2003 3960 celerant
2061 3914 2076 3953 ι
2134 3908 2419 3956 rumore
2462 3883 2776 3957 secundo

890 3997 1187 4068 Labitur
1225 4019 1441 4072 uncta
1472 4003 1674 4075 vadis
1701 4044 1834 4061 —-

787 4160 967 4228 904.
1029 4136 1272 4210 Furiis.
1334 4140 1448 4210 Sic
1480 4144 1730 4211 membr.
1776 4161 2022 4213 nostrae
2071 4165 2211 4211 cum
2252 4141 2558 4213 Mediceo.

784 4277 880 4344 94
898 4275 962 4340 5.
1026 4252 1424 4348 Trepident
1475 4256 1795 4328 inmissa
1867 4260 1982 4330 Sic
2034 4276 2196 4329 recte
2253 4261 2504 4330 membr.
2575 4277 2868 4349 nostrae,
2925 4261 3062 4332 sine

659 4369 883 4470 copula
922 4393 1062 4463 que
1102 4369 1290 4463 vulgo
1331 4373 1585 4441 inserta.

798 4507 895 4571 50
913 4507 978 4571 5.
1040 4484 1291 4556 Tarco.
1350 4487 1466 4557 Sic
1511 4513 1592 4558 ex
1620 4486 1917 4581 analogia
1954 4491 2408 4579 scribendum,
2463 4488 2646 4560 libris
2686 4492 2875 4560 etiam
2907 4512 3065 4562 sua-

659 4601 943 4674 dentibus
977 4630 1000 4673 e
1053 4601 1321 4693 Tarm,
1358 4627 1480 4675 non
1509 4601 1835 4686 Tarcon;
1878 4625 1948 4678 ut
1985 4629 2178 4708 supra
2219 4606 2374 4680 VII.
2419 4623 2601 4732 539.
2631 4600 2924 4701 Alme,
2938 4628 3064 4679 non

2306 4715 2391 4791 1
2369 4741 2396 4788 1
2422 4716 2449 4787 i

3046 5308 3212 5564 A
