3750 6217
544 687 994 766 AENEIDOS
1053 694 1128 811 IX.
1187 719 1221 768 v.
1271 719 1361 793 259.
1480 664 1560 793 '317
1666 684 1671 701 ’

352 858 509 931 Reddite
525 843 774 953 conspectum.
817 860 908 929 nihil
927 861 991 931 illo
1014 862 1110 933 triste
1128 879 1282 955 recepto.

351 975 440 1046 Bina
462 976 559 1046 dabo
583 996 728 1074 argento
750 973 904 1069 perfecta
922 994 1029 1070 atque
1048 1002 1166 1072 aspera
1189 978 1298 1074 signis

349 1091 503 1182 Pocula,
529 1092 667 1163 devicta
690 1091 832 1189 genitor
853 1116 947 1184 quae
970 1095 1067 1187 cepit
1086 1092 1231 1164 Arisba:

349 1207 395 1280 Et
415 1208 577 1303 tripodas
600 1209 790 1305 geminos,
813 1209 886 1277 auri
911 1208 986 1278 duo
1014 1233 1143 1305 magna
1165 1211 1324 1298 talenta,

350 1323 489 1396 Cratera
510 1325 730 1418 antiquom,
754 1346 865 1415 quem
888 1323 949 1394 dat
970 1323 1117 1394 Sidonia
1140 1324 1250 1395 Dido.
1321 1385 1323 1388 .

346 1437 384 1509 Si
407 1465 491 1510 vero
512 1464 635 1536 capere
657 1438 820 1524 ltaliam,
846 1441 1065 1533 sceptrisque
1087 1441 1196 1534 potiri

283 1636 285 1641 ¹
347 1554 550 1653 Contigerit
568 1554 715 1643 victori,
740 1572 775 1624 et
793 1555 944 1647 praedae
968 1543 1095 1626 ducere
1116 1573 1274 1626 sortem:

347 1668 504 1760 Vidisti,
528 1696 604 1764 quo
626 1670 771 1745 Turnus
795 1695 916 1762 equO,
941 1671 1073 1764 quibus
1095 1670 1170 1742 ibat
1190 1671 1229 1740 in
1252 1673 1358 1743 armis
1381 1729 1383 1732 Α
1464 1734 1467 1741 ,
1494 1717 1511 1725 ›·

346 1783 486 1858 Aureus
506 1815 513 1855 :
543 1786 666 1880 ipsum
685 1785 813 1873 illum,
835 1786 995 1879 clipeum
1014 1786 1205 1880 cristasque
1225 1786 1390 1860 nibentis
1456 1854 1458 1859 .
1532 1834 1535 1844 ·

348 1900 536 1996 Excipiam
560 1901 673 1991 sorti,
695 1901 772 1999 jam
791 1924 887 1971 nunc
908 1920 968 1972 tua
987 1902 1167 1996 praemia,
1190 1901 1286 1973 Nise.

345 2014 523 2089 Praeterea
545 2018 602 2088 bis
623 2016 845 2126 sex'genitor
866 2017 1058 2088 lectissima
1082 2035 1238 2102 matrum
1289 2084 1298 2106 ,

347 2131 508 2227 Corpora
530 2133 764 2227 captivosque
789 2131 909 2221 dabit,
934 2156 1070 2225 suaque
1091 2131 1263 2204 omnibus
1282 2157 1401 2204 anna:
1470 2172 1473 2178 Δ

343 2247 497 2341 insuper
518 2250 596 2335 his,
623 2247 744 2340 campi
771 2247 875 2340 quod
895 2271 956 2318 rex
974 2247 1081 2318 habet
1104 2249 1180 2341 ipse
1204 2248 1362 2321 Latinus.
1390 2297 1393 2306 -

342 2362 397 2433 Te
417 2389 529 2453 vero,
555 2388 636 2433 mea
658 2387 770 2455 quern
789 2362 911 2455 spatiis
932 2363 1162 2456 propioribus
1187 2382 1278 2435 aetas

342 2476 567 2571 Insequitur,
592 2477 791 2547 venerande
811 2501 920 2571 puer,
941 2479 1019 2574 jam
1036 2497 1180 2570 pectore
1201 2497 1281 2550 toto

340 2589 519 2688 Adcipio,
542 2613 577 2665 et
597 2592 771 2664 comitem
791 2616 891 2662 casus
912 2593 1122 2687 conplector
1141 2593 1180 2662 in
1201 2595 1331 2667 omnis.

341 2705 452 2779 Nulla
475 2711 565 2781 meis
589 2690 721 2780 sinete
742 2713 928 2800 quaeretur
948 2707 1061 2806 gloria
1081 2708 1203 2780 rebus:

340 2820 411 2893 Seu
429 2848 580 2917 pacem,
607 2849 669 2895 seu
684 2822 781 2892 bella
800 2848 943 2920 geram;
967 2823 1034 2894 tibi
1055 2847 1224 2917 maxuma
1245 2849 1361 2896 rerum

340 2936 376 3008 V
379 2937 620 3032 erborumque
638 2937 736 3009 fides.
772 2956 895 3036 contra
915 2963 1028 3031 quern
1043 2938 1126 3009 talia
1143 2937 1233 3008 fatur

338 3052 512 3150 Euryalus
534 3081 542 3122 ι
571 3053 633 3123 Me
650 3054 749 3123 nulla
768 3053 844 3131 dies
863 3071 939 3124 tam
957 3052 1109 3124 fortibus
1127 3054 1221 3126 ausis

340 3167 565 3241 Dissimilem
586 3168 762 3267 arguerit:
790 3184 963 3239 tantumz
992 3167 1137 3240 fortuna
1161 3167 1318 3240 secunda
1358 3216 1361 3231 ι

337 3281 412 3356 Aut
432 3284 573 3356 adversa
592 3284 702 3355 cadat
744 3282 806 3356 sed
825 3301 861 3354 te
886 3308 993 3377 super
1015 3285 1137 3358 omnia
1159 3284 1258 3354 dona

336 3397 462 3470 Unum
489 3425 582 3470 oro:
611 3399 770 3499 genetrix
793 3398 925 3469 Priami
947 3398 1117 3497 degente
1139 3418 1277 3471 vetusta

334 3514 397 3588 Est
413 3515 525 3603 mihi,
547 3540 659 3609 quarn
679 3514 845 3586 miseram
863 3515 981 3586 tenuit
997 3538 1075 3585 non
1093 3515 1160 3585 Ilia
1179 3516 1286 3587 tellus

334 3629 481 3702 Mecum
500 3630 753 3719 excedentem,
774 3654 851 3702 non
867 3630 1014 3709 moenia
1036 3631 1125 3728 regis
1142 3631 1297 3702 Acestae.

333 3744 437 3817 Hanc
454 3772 522 3844 ego
542 3770 639 3817 nunc
660 3747 820 3845 ignaram
841 3747 947 3844 hujus
968 3746 1228 3839 quodcumque
1250 3745 1373 3840 pericli
1391 3764 1467 3836 est,

332 3860 454 3953 Inque
473 3861 659 3931 salutatam
677 3863 808 3955 linquo
827 3891 836 3941 ;
861 3868 958 3950 nox,
983 3879 1018 3932 et
1038 3878 1099 3932 tua
1115 3861 1213 3931 testis

333 3973 514 4063 Dextera,
543 3975 647 4067 quod
670 4000 848 4069 nequeam
874 3977 1036 4047 lacrimas
1061 3973 1209 4069 perferre
1234 3975 1400 4069 parentis.

332 4087 382 4160 At
404 4107 468 4178 tu,
496 4113 589 4178 oro,
615 4091 726 4159 solare
749 4090 928 4185 inopem,
956 4107 990 4161 et
1012 4114 1169 4162 succurre
1194 4090 1341 4162 relictae.

333 4203 437 4275 Hanc
458 4204 532 4275 sine
551 4228 612 4273 me
630 4229 732 4297 spem
754 4204 841 4276 ferte
861 4206 915 4277 tui
938 4234 946 4275 ι
976 4205 1162 4276 audentior
1182 4204 1245 4276 ibo

331 4318 378 4388 ln
403 4343 502 4391 casus
528 4319 659 4390 omnis.
699 4344 862 4413 percussa
884 4340 1007 4392 mente
1028 4320 1203 4393 dederunt

330 4431 557 4506 Dardanidae
578 4434 766 4507 lacrimas:
795 4416 876 4505 ante
901 4437 1023 4507 omnis
1041 4437 1191 4529 pulcher
1215 4435 1337 4508 liilus:
1372 4494 1375 4501 .

330 4547 451 4643 Atque
469 4553 636 4622 animum
658 4551 792 4646 patriae
812 4551 951 4624 strinxit
973 4552 1114 4645 pietatis
1134 4552 1267 4648 image.
