3750 6217
537 669 986 747 AENEIDO'S
1043 676 1103 745 ΙΙ.
1161 701 1195 747 v.
1244 698 1337 771 457.

330 837 455 912 Evado
475 835 522 908 ad
541 839 675 909 summi
696 837 831 936 fastigia
851 838 1021 909 culminis
1046 865 1053 904 :
1082 840 1180 910 unde

330 955 420 1026 Tela
439 976 552 1025 manu
572 953 692 1024 miseri
707 954 888 1052 jactabant
908 953 1010 1027 inrita
1029 953 1168 1025 Teucri.

283 1124 285 1129 -
331 1069 476 1141 Turrim
497 1069 536 1139 in
561 1069 744 1163 praecipiti
765 1086 942 1156 stantem,
966 1070 1189 1164 summisque
1205 1068 1271 1142 sub
1288 1086 1378 1145 astra

332 1185 509 1257 Eductam
529 1184 655 1272 tectis,
677 1184 774 1255 unde
796 1184 916 1256 omnis
936 1183 1048 1253 Troia
1066 1184 1201 1275 videri,

332 1300 378 1373 Et
398 1301 567 1380 Danairm
588 1299 712 1371 solitae
732 1324 856 1388 naves,
881 1316 916 1370 et
935 1297 1066 1379 Achaia
1086 1318 1214 1391 castra,

302 1422 311 1438 '
332 1415 499 1515 Adgressi
517 1412 607 1484 feno
629 1416 783 1505 circum,
808 1439 879 1507 qua
898 1438 1041 1495 summa
1061 1414 1212 1507 labantis

329 1530 519 1621 Juncturas
539 1529 695 1602 tabulata
715 1530 868 1619 dabant,
891 1531 1131 1601 convellimus
1150 1532 1231 1603 altis

333 1645 509 1733 Sedibus,
531 1645 813 1740 inpulimusque.
856 1671 897 1716 ea
917 1644 1014 1715 labsa
1032 1663 1178 1740 repente
1197 1649 1340 1729 ruinam

335 1760 431 1831 Cum
453 1760 575 1849 sonitu
593 1762 717 1851 trahit,
739 1779 773 1832 et
794 1761 961 1831 Danairm
984 1785 1089 1855 super
1108 1763 1251 1860 agmina
1271 1764 1341 1834 late

336 1875 478 1947 Incidit
520 1897 573 1948 ast
591 1877 651 1946 alii
672 1877 828 1948 subeunt
849 1904 856 1944 :
886 1900 953 1947 nec
974 1900 1076 1967 saxa,
1097 1901 1163 1949 nec
1184 1879 1302 1951 ullum

335 1991 510 2076 Telorum
529 1991 661 2063 interea
681 2011 791 2064 cessat
810 2016 930 2090 genus.

336 2106 571 2178 Vestibulum
588 2127 670 2179 ante
688 2110 810 2203 ipsum
830 2108 1025 2201 primoque
1046 2108 1083 2181 in
1104 2109 1231 2183 limine
1252 2108 1404 2205 Pyrrhus

336 2221 496 2294 Exsultat
515 2223 612 2309 telis,
634 2242 669 2295 et
689 2226 767 2295 luce
785 2247 951 2294 coruscus
970 2235 1066 2294 aena.

336 2336 465 2443 Qualis
481 2336 545 2408 ubi
566 2337 603 2407 in
624 2340 742 2409 lucem
764 2338 910 2409 coluber
926 2339 1022 2413 mala
1042 2341 1199 2436 gramina
1219 2360 1360 2434 pastus,

336 2451 475 2550 Frigida
494 2452 561 2525 sub
581 2472 668 2525 terra
684 2453 868 2527 tumidum
890 2478 1001 2546 quem
1022 2453 1149 2537 bruma
1168 2456 1328 2553 tegebat,

337 2566 443 2637 Nunc
461 2568 591 2662 positis
611 2595 727 2642 novus
745 2569 882 2640 exuviis
902 2568 1110 2663 nitidusque
1123 2571 1293 2669 juventa,

337 2680 487 2753 Lubrica
508 2686 694 2759 convolvit
710 2683 852 2758 sublato
872 2700 1018 2778 pectore
1037 2704 1132 2783 terga

336 2797 477 2869 Arduus
496 2799 540 2868 ad
561 2802 699 2889 solem,
721 2819 757 2871 et
776 2799 908 2897 linguis
927 2799 1038 2872 micat
1058 2824 1120 2889 ore
1139 2801 1301 2873 trisulcis.

337 2911 418 2984 Una
439 2912 563 3011 ingens
583 2914 769 3008 Periphas,
792 2933 827 2987 et
843 2938 1023 3008 equorum
1042 2916 1189 3012 agitator
1207 2913 1357 2991 Achillis

336 3026 500 3125 Armiger
520 3028 778 3108 Automedon;
802 3054 874 3099 una
895 3028 1017 3100 omnis
1036 3028 1150 3122 Scyria
1170 3028 1288 3122 pubes

336 3142 540 3215 Succedunt
557 3163 674 3233 tecto,
695 3165 729 3216 et
746 3144 911 3215 flammas
928 3142 975 3212 ad
992 3144 1152 3216 culmina
1166 3145 1309 3242 jactant.

337 3258 422 3352 Ipse
443 3259 534 3338 inter
552 3260 692 3354 primos
712 3280 882 3353 conrepta
901 3258 988 3328 dura
1007 3257 1161 3353 bipenni

337 3371 483 3445 Limina
501 3375 725 3472 perrumpit,
748 3374 936 3468 postisque
954 3398 975 3442 a
992 3373 1132 3445 cardine
1146 3374 1246 3447 vellit

336 3486 484 3561 Aeratos
503 3517 509 3558 :
528 3492 679 3587 jamque
698 3489 813 3561 excisa
833 3488 929 3559 trabe
949 3486 1051 3561 firma
1068 3489 1201 3568 cavavit

336 3601 507 3693 Robora,
534 3626 569 3677 et
588 3605 771 3702 ingentem
790 3606 863 3674 lato
884 3603 986 3675 dedit
1006 3628 1066 3677 ore
1084 3602 1283 3687 fenestram,

336 3718 497 3813 Adparet
516 3719 650 3790 domus
670 3720 786 3808 intus,
807 3738 843 3791 et
860 3719 945 3791 atria
964 3720 1072 3817 longa
1092 3738 1301 3813 patescuntr

338 3833 524 3927 Adparent
542 3834 672 3904 Priami
690 3852 725 3905 et
744 3852 904 3906 veterum
923 3835 1116 3927 penetralia
1135 3857 1279 3932 regum:

339 3946 580 4043 Armatosque
599 3948 724 4019 vident
743 3948 867 4021 stantis
887 3949 925 4019 in
945 3948 1071 4020 limine
1091 3949 1221 4043 primo.

398 4061 447 4134 At
465 4064 598 4146 domus
616 4062 760 4135 interior
779 4064 914 4161 gemitu
934 4063 1138 4157 miseroque
1157 4064 1319 4139 tumultu

340 4175 511 4251 Miscetur
527 4207 535 4257 3
560 4177 778 4272 penitusque
798 4203 902 4249 cavae
921 4178 1154 4277 plangoribus
1173 4178 1278 4253 aedes

340 4291 521 4364 Femineis
540 4294 688 4364 ululant.
728 4291 807 4368 ferit
825 4318 927 4365 aurea
947 4293 1059 4365 sidera
1076 4296 1223 4365 elamor.

342 4406 441 4483 Turn
462 4409 612 4505 pavidae
631 4408 733 4481 tectis
753 4427 881 4501 matres
897 4409 1105 4508 ingentibus
1124 4392 1258 4501 errant,

342 4520 615 4620 Amplexaeque
635 4542 758 4597 tenent
777 4525 913 4621 postis,
931 4542 1040 4620 atque
1061 4526 1183 4597 oscula
1205 4524 1333 4627 ligturt

1461 696 1534 764 151
