3750 6217
722 846 878 921 150
1131 810 2023 907 AENEiDos
2138 814 2259 909 1¹1.
2374 839 2727 931 v.424.

711 998 996 1071 Penelei
1037 997 1274 1069 dextra
1298 1053 1319 1088 ,
1362 1000 1566 1071 divae
1604 1002 2103 1095 armipotentis
2142 998 2233 1072 ad
2272 1022 2462 1075 aram
2486 1052 2509 1089 ,

711 1115 1134 1190 Procumbit
1177 1142 1192 1181 z
1251 1116 1440 1185 cadit
1479 1136 1548 1188 et
1587 1117 1911 1209 Ripheus
1940 1170 1960 1205 ‚
2000 1118 2437 1213 justissimus
2474 1122 2675 1187 unus

713 1235 865 1340 Qui
907 1232 1041 1303 fuit
1078 1232 1153 1300 in
1189 1229 1527 1320 Teucris,
1583 1246 1652 1305 et
1693 1233 2255 1305 servantissimus
2294 1230 2525 1325 aequi.

713 1348 870 1421 Diis
903 1348 1101 1419 aliter
1139 1344 1394 1417 visum.
1467 1367 1768 1441 pereunt
1808 1344 2753 1445 Hypanisque-Dymasque

711 1464 1000 1535 Confixi
1043 1490 1084 1533 a
1121 1462 1330 1533 sociis
1377 1489 1390 1529 :
1451 1488 1582 1533 nec
1617 1481 1688 1534 te
1727 1480 1845 1533 tua
1890 1464 2200 1557 plurima
2226 1518 2247 1551 ‚
2294 1448 2619 1550 Panthu,

651 1658 658 1667 ,
709 1580 1110 1653 Labentem
1151 1580 1413 1671 pietas,
1453 1603 1583 1648 nec
1619 1558 1986 1671 Apollinis
2026 1577 2249 1649 infula
2289 1578 2482 1651 texit.

711 1696 910 1767 Iliaci
955 1694 1258 1779 cineres,
1299 1710 1369 1763 et
1405 1690 1698 1763 flamma
1736 1710 2045 1764 extrema
2088 1702 2459 1782 meorum,

710 1813 1015 1897 Testor,
1060 1810 1134 1878 in
1175 1832 1428 1880 occasu
1466 1834 1735 1898 vestm,
1776 1833 1908 1879 nec
1948 1812 2084 1881 tela
2110 1866 2131 1899 ‚
2171 1835 2303 1881 nec
2342 1811 2525 1880 ullas

707 1926 1065 1999 Vitavisse
1097 1923 1286 1995 vices
1325 1906 1706 2003 Danasir'ru
1749 1926 1855 2014 et,
1905 1926 1961 1997 si
1997 1925 2136 1997 fata
2176 1926 2473 1997 fuissent
2497 1978 2517 2012 ‚

709 2043 808 2114 Ut
849 2022 1208 2127 caderem,
1253 2041 1589 2111 memisse
1625 2064 1866 2110 manu.
1946 2042 2355 2112 divellimur
2391 2040 2601 2117 inde3

709 2156 996 2253 Iphitus
1031 2173 1104 2225 et
1137 2152 1365 2225 Pelias
1400 2164 1690 2225 'mecum
1734 2183 1748 2224 :
1811 2181 2125 2249 quorum
2168 2156 2448 2251 Iphitus
2488 2168 2667 2229 aevo'

701 2252 868 2363 jam
907 2271 1214 2369 gravior,
1262 2268 1491 2341 Pelias
1531 2290 1599 2341 et
1635 2273 1927 2342 volnere
1962 2272 2198 2344 tardus
2238 2272 2468 2342 Ulixi:

710 2389 1047 2460 Protinus
1085 2385 1177 2455 ad
1217 2384 1416 2459 sedes
1457 2384 1716 2457 Priami
1758 2388 2069 2457 clamore
2105 2390 2361 2459 vocati.

708 2500 849 2575 Hic
889 2526 1053 2573 vero
1091 2502 1452 2601 ingentem
1492 2528 1854 2601 pugnam,
1896 2528 2025 2573 ceu
2066 2521 2289 2575 cetera
2330 2516 2692 2607 nusquam

707 2600 906 2691 Bella
948 2616 1226 2705 forent,
1267 2618 1452 2687 nulli
1492 2637 1644 2689 tota
1684 2631 2124 2689 morerentur
2164 2620 2236 2688 in
2282 2619 2498 2689 urbe:

705 2716 821 2807 Sic
863 2732 1168 2805 Martem
1206 2670 1652 2804 indomitum
1679 2732 2177 2827 ‚Danaosque
2218 2735 2309 2804 ad
2348 2754 2528 2805 tecta
2564 2736 2841 2811 ruentis

707 2832 1141 2936 Cernimu5‚
1195 2848 1713 2959 obsessumque
1753 2866 1905 2921 acta
1943 2836 2299 2921 testudine
2336 2851 2581 2921 limen.

706 2964 1017 3036 Haerent
1055 2952 1440 3058 parietibus
1477 2966 1741 3055 scalae,
1791 2965 2167 3061 postisque
2210 2964 2399 3038 sub
2383 2980 2583 3060 lpsos

705 3078 1051 3152 Nituntur
1089 3079 1460 3179 gradibus,
1500 3081 1921 3176 clipeosque
1960 3072 2051 3151 ad
2087 3084 2224 3152 tela
2263 3081 2559 3153 sinistris

704 3190 1011 3265 Protecti
1054 3192 1464 3290 objiciunt:
1523 3216 1860 3290 prensant
1900 3196 2171 3293 fastigia
2212 3197 2496 3269 dextris.

705 3306 1151 3379 Dardanidae
1189 3326 1429 3379 contm
1465 3311 1666 3395 turris
1707 3337 1787 3383 ac
1825 3330 2001 3383 tecta
2039 3258 2432 3383 domorum

705 3422 1047 3493 Culrnina
1088 3423 1562 3494 convellunt:
1621 3414 1730 3497 his
1771 3452 1879 3515 se,
1930 3410 2227 3525 quando
2272 3428 2526 3499 ultima
2564 3450 2911 3525 cernunt,

703 3536 1032 3609 Extrema
1059 3537 1213 3635 jam
1251 3536 1326 3605 in
1365 3558 1596 3609 morte
1635 3559 1883 3633 parant
1920 3542 2297 3614 defendere
2340 3545 2541 3615 telis:

701 3652 1142 3745 Auratasque
1179 3652 1448 3741 trabes,
1488 3662 1807 3726 veterum
1843 3657 2099 3728 decora
2139 3659 2275 3729 alta
2318 3678 2692 3753 parentum
2714 3714 2739 3753 ,

701 3764 1138 3840 Devolvunt.
1221 3768 1340 3839 alii
1379 3769 1628 3841 strictis
1663 3773 2188 3844 mucronibus
2170 3794 2350 3845 rmas
