3750 6217
452 722 851 809 ..actoon
910 728 1011 802 nr.-
1065 748 1098 803 v.
1154 742 1213 825 iq.
1417 751 1469 808 n·

255 900 301 975 Et
321 923 437 996 quom
458 898 674 969 clamarem:
702 896 789 1003 Quo
809 920 906 969 nunc
925 922 963 969 se
981 896 1137 991 proripit
1157 897 1254 968 ille?

254 1014 401 1112 Tityre,
422 1039 509 1114 coge
529 1038 640 1109 pecus
670 1043 679 1085 κ
707 1031 748 1086 tu
768 1031 854 1109 post
876 996 1007 1085 carecta
1024 1011 1168 1087 latebas.

714 1148 1005 1201 Damouras

253 1246 313 1320 An
328 1246 420 1318 mihi
442 1244 621 1318 cantando
639 1246 754 1318 victus
774 1269 852 1317 non
871 1243 1032 1316 redderet
1048 1246 1129 1326 ille,

252 1362 378 1469 Quem
399 1384 480 1432 mea
500 1359 718 1432 carminibus
740 1362 924 1434 memisset
948 1359 1091 1450 fistula,
1119 1360 1297 1455 caprum?

250 1476 288 1551 Si
308 1476 451 1563 nescis,
474 1501 577 1549 meus
593 1477 656 1546 ille
677 1500 782 1569 caper
795 1475 864 1547 fuit
894 1505 902 1544 z
932 1494 967 1548 et
984 1475 1075 1549 mihi
1093 1473 1242 1547 Damon

250 1588 338 1688 lpse
361 1588 535 1663 fatebatur
546 1621 556 1672 ς
581 1590 645 1664 sed
662 1590 808 1662 reddere
827 1589 1117 1689 possenegabau

723 1723 998 1777 MENALcns

251 1814 443 1895 Cantando
460 1838 501 1895 tu
522 1818 627 1894 illurn
649 1822 666 1892 ?
689 1842 750 1905 aut
766 1847 944 1914 umquam
964 1820 1032 1892 tibi
1051 1820 1166 1894 fistula
1187 1844 1264 1894 cere

247 1932 377 2027 Juncta
395 1936 463 2010 luit
483 1939 500 2008 ?
521 1960 599 2009 non
617 1958 657 2009 tu
673 1938 711 2007 in
729 1939 868 2027 triviis,
892 1922 1060 2025 indocte,
1083 1934 1226 2010 solebas

250 2050 420 2125 stridenti
440 2053 614 2125 miserum
637 2054 770 2147 stipula
790 2051 994 2147 disperdere
1016 2042 1192 2123 carmen?

705 2164 1008 2239 onnosrns

248 2280 317 2356 Vis
342 2309 446 2381 ergo,
470 2275 677 2373 internos,
700 2283 791 2376 quid
814 2283 930 2378 possit
949 2300 1121 2376 uterque,
1139 2278 1298 2356 vicissim

249 2394 522 2494 Experiamur?
548 2424 616 2498 ego
633 2400 725 2471 hanc
742 2398 894 2471 vitulam
914 2400 990 2492 (ne
1013 2396 1104 2471 forte
1124 2416 1284 2490 recuses,

249 2512 310 2586 Bis
326 2514 427 2586 venit
445 2513 492 2584 ad
513 2516 723 2605 mulctram,
751 2515 860 2587 binos
882 2515 946 2586 alit
964 2513 1071 2585 ubere
1092 2508 1214 2610 fetus)

250 2626 411 2726 Depono
432 2657 440 2698 ε
467 2647 508 2702 tu
526 2629 605 2721 dic,
626 2650 772 2702 mecum
793 2655 868 2724 quo
887 2630 1038 2727 pignore
1057 2646 1177 2704 certes.

715 2764 746 2815 Μ
760 2762 853 2816 eun
867 2765 888 2814 L
900 2765 920 2815 c
932 2764 997 2815 As,
1189 2758 1191 2763 '

249 2856 306 2931 De
327 2884 427 2958 grege
447 2883 526 2931 non
550 2858 666 2932 ausim
688 2856 891 2951 quidquam
914 2859 1097 2953 deponere
1119 2878 1264 2932 tecum}

249 2968 314 3047 Est
330 2975 425 3044 mihi¹
444 2999 604 3068 namque
624 2973 727 3044 domi
751 2992 873 3067 pater;
901 2992 953 3044 est
973 2974 1102 3069 injusta
1124 2992 1295 3045 novercae

250 3080 385 3180 Bisque
405 3087 465 3159 die
483 3105 674 3157 numerant
692 3086 803 3157 ambo
821 3110 956 3182 pecus,
984 3078 1072 3156 alter
1093 3105 1129 3157 et
1141 3086 1287 3161 haedos·

249 3200 393 3273 Verum
411 3201 475 3291 id,
504 3201 607 3294 quod
626 3198 744 3273 multo
764 3219 840 3274 tute
859 3201 937 3296 ipse
957 3198 1111 3272 fatebere
1128 3204 1265 3299 majus,

249 3316 442 3411 (insanire
461 3309 552 3387 libet
572 3316 750 3409 quoniam
772 3315 864 3410 tibi)
886 3314 1018 3410 pocula
1037 3340 1175 3409 ponam
1263 3305 1266 3309 ⁴

246 3430 276 3502 F
277 3424 404 3531 agina,
426 3432 602 3503 caelatum
623 3430 738 3502 divini
759 3456 853 3526 opus
875 3421 1159 3504 Alcimedontis:

244 3544 360 3619 Lenta
387 3547 521 3641 quibus
543 3567 651 3619 torno
676 3544 773 3619 facili
798 3545 1025 3643 superaddita
1049 3546 1133 3620 vitis

245 3659 407 3736 Diffusos
429 3662 532 3735 edera
554 3663 660 3736 vestit
683 3662 843 3759 pallente
868 3662 1073 3759 corymbos.

247 3777 294 3849 In
319 3776 444 3851 medio
469 3780 546 3850 duo
571 3781 698 3879 signa,
726 3777 892 3852 Conon:
922 3798 959 3851 et
986 3780 1068 3873 quis
1090 3768 1160 3853 fuit
1184 3776 1307 3853 alter?

246 3890 444 3967 Describsit
464 3895 566 3965 radio
586 3911 709 3967 totum
731 3896 796 3989 qui
816 3893 982 3995 gentibus
1001 3894 1127 3965 orbem
1143 3890 1171 3963 ε’
1252 3896 1261 3906 ”

246 4005 433 4104 Tempora
454 4031 547 4103 quae
566 4033 728 4099 messor,
752 4035 846 4104 quae
863 4032 989 4083 curvus
1006 4029 1121 4083 arator
1142 4010 1310 4087 haberet:

245 4119 413 4197 Necdum
432 4123 504 4199 illis
526 4125 623 4198 labra
645 4122 814 4217 admovi,
842 4125 905 4199 sed
926 4124 1073 4199 condita
1089 4150 1199 4200 servo.
1241 4218 1245 4225 Ι

719 4260 746 4311 D
757 4260 782 4312 A
795 4250 826 4313 M
836 4259 860 4313 0
869 4262 892 4313 E
901 4261 924 4312 Τ
933 4260 959 4314 Α
968 4261 997 4315 S.

247 4354 295 4430 Et
313 4356 423 4430 nobis
441 4359 542 4430 idem
562 4346 781 4430 Alcimedon
800 4358 875 4429 duo
896 4356 1029 4453 pocula
1048 4359 1150 4433 fecit}

246 4469 293 4543 Et
310 4475 417 4545 molli
437 4476 571 4547 circum
585 4464 648 4575 est
668 4498 768 4548 ansas
793 4476 983 4570 amplexus
1003 4476 1179 4549 acanum:

248 4586 468 4688 Orpheaque
493 4592 532 4664 in
553 4590 677 4666 medio
698 4593 845 4689 posuit,
871 4592 1049 4688 silvaeque
1071 4594 1267 4687 sequentis:

1151 4705 1181 4777 B
1213 4732 1233 4781 a
