3750 6217
707 496 866 557 wo
1097 456 1993 555 AENEIDO'S
2106 462 2262 549 IV.
2348 474 2789 569 jaje-»32

701 646 963 754 Quom
999 662 1185 719 tacet
1219 645 1461 717 omnis
1499 668 1658 743 ager
1697 670 1714 711 ε
1771 640 2085 737 pecudes
2116 694 2137 729 ,
2180 641 2575 735 pictaeque
2622 642 3033 733 volucres}

703 764 1061 869 Quaeque
1097 763 1291 832 lacus
1329 760 1468 831 late
1505 757 1871 852 liquidos,
1922 758 2255 863 quaeque
2290 754 2881 861 aspera·dmni⁸

700 876 892 951 Rura
929 884 1176 948 tenent
1198 930 1220 965 ,
1267 888 1530 948 somno
1571 874 1851 968 ‘positae
1882 869 2026 945 tub·
2066 886 2279 943 nocte
2312 870 2561 943 silenti

706 972 1065 1064 Lenibant
1095 996 1290 1062 curas
1313 1044 1334 1080 ,
1379 992 1448 1061 et·
1485 988 1700 1061 corda
1737 988 1963 1059 oblita
1995 986 2347 1057 1ab0mm.

704 1090 805 1179 At
841 1126 996 1177 non
1032 1103 1285 1175 infelix
1321 1106 1544 1176 animi
1583 1104 2013 1190 Phoenissa,
2058 1125 2298 1195 neque
2332 1104 2725 1197 umquani

707 1220 1072 1294 Solvitur
1054 1244 1130 1323 in
1170 1242 1513 1309 somnos,
1559 1218 1873 1290 oculisve
1915 1230 2039 1288 aut
2074 1224 2363 1311 pectore
2394 1220 2727 1293 nocteni

707 1316 1021 1439 Adcipit
1101 1318 1546 1434 ingeminant
1587 1358 1786 1405 curae
1835 1344 1852 1401 i
1910 1336 2289 1425 rursusque
2324 1354 2723 1431 resurgens

709 1442 944 1523 Saevit
976 1473 1228 1540 amor,
1273 1464 1688 1549 magnoque
1729 1449 1987 1518 irarum
2026 1440 2323 1519 fluctuat
2358 1465 2585 1519 aestm

711 1565 826 1638 Sic
865 1562 1047 1636 adeo
1092 1564 1389 1655 insistit,
1436 1578 1826 1658 secumque
1865 1564 1963 1634 ita
2001 1552 2215 1636 corde
2250 1565 2577 1635 volutat⁴

709 1663 828 1753 En
851 1736 872 1772 ,
909 1678 1089 1781 quid
1125 1705 1262 1785 ago
1302 1682 1335 1750 Ρ
1393 1698 1716 1753 rursusne
1755 1704 2018 1773 procos
2052 1679 2261 1749 inrisa
2296 1678 2622 1773 priores

713 1796 1052 1892 Experiar
1101 1778 1134 1865 Ρ
1195 1776 1767 1887 Nomadumque
1811 1814 2059 1888 petam
2098 1782 2459 1863 connubia
2498 1796 2859 1890 supplex
2886 1826 2919 1891 ς

717 1904 932 2016 Quos
967 1934 1101 2008 ego
1141 1911 1280 1981 sim
1313 1911 1579 1982 totiens
1613 1912 1766 2007 jam
1803 1908 2184 2008 dedignata
2217 1910 2577 1980 maritos?

714 2018 971 2129 Ῑῑὶεεαε
1009 2026 1218 2124 igitur
1251 2025 1528 2113 classis,
1569 2043 1783 2118 atque
1816 2024 2075 2095 ultima
2107 2022 2473 2095 Te‘ucrfim

707 2140 920 2233 Jussa
955 2160 1210 2233 sequar
1251 2142 1284 2210 ?
1345 2140 1606 2233 quiane
1647 2140 1915 2209 auxilio
1947 2140 2151 2237 juvat
2188 2154 2351 2210 ante
2389 2140 2727 2233 levat6s3

716 2257 868 2328 Aut
907 2255 1092 2325 berle
1128 2256 1324 2349 apud
1361 2270 1718 2327 memores
1751 2256 2001 2326 veteris
2044 2270 2176 2327 stat
2210 2254 2421 2353 gratia
2459 2252 2693 2333 facti?

719 2360 912 2477 Quis
945 2382 1066 2440 me
1102 2388 1339 2441 autern
1381 2368 1532 2462 (fac
1565 2371 1778 2464 velle)
1822 2371 2057 2442 sinet.
2041 2374 2073 2421 Ρ
2116 2368 2472 2440 ratibusne
2508 2346 2879 2462 superbis

720 2486 1044 2557 Invisar'n
1083 2468 1394 2579 adcipiet
1435 2488 1468 2556 ?
1527 2486 1753 2557 nescis
1791 2486 1933 2556 heu
1962 2540 1983 2575 ,
2031 2485 2353 2579 perdita3
2404 2507 2535 2554 nec
2574 2483 2779 2557 dum

721 2598 1306 2673 Laomedonteae
1347 2600 1560 2672 sentis
1598 2601 1897 2698 perjuria
1935 2600 2161 2697 gentis
2193 2601 2225 2670 Ρ

723 2698 932 2822 Quid
970 2724 1134 2789 turn
1181 2717 1214 2787 Ρ
1275 2717 1429 2788 sola
1468 2714 1631 2814 fuga
1670 2736 1917 2787 nautas
1956 2716 2360 2787 comitabor
2399 2713 2681 2788 ovantis
2716 2698 2757 2787 Ρ

723 2829 842 2902 An
874 2830 1157 2926 Tyriis,
1203 2831 1556 2924 omnique
1595 2856 1818 2902 manu
1855 2832 2103 2925 stipata
2144 2852 2479 2902 meorum

727 2928 993 3017 Inferar
1035 2948 1068 3017 Ρ
1129 2964 1200 3017 et
1237 2971 1423 3038 quos
1461 2936 1756 3017 Sidonia
1794 2947 1915 3015 vix
1956 2945 2128 3017 urbe
2168 2972 2282 3017 rev
2288 2949 2449 3017 elli·
2430 3001 2453 3036 ,

726 3040 994 3130 Rursus
1032 3083 1238 3155 agam
1277 3060 1580 3157 pelago,
1623 3079 1694 3131 et
1725 3061 1955 3131 ventis
1990 3061 2153 3132 dare
2190 3064 2344 3133 vela
2374 3038 2726 3160 jubebo?

731 3172 940 3277 Quin
977 3197 1298 3260 morere,
1345 3193 1428 3246 ut
1459 3175 1708 3245 merita
1747 3200 1883 3246 es·
1867 3174 2270 3270 .ferroque
2310 3196 2534 3249 averte
2574 3176 2971 3253 dolorefiis

732 3278 854 3388 Tu
887 3268 1191 3357 lacrimis
1226 3287 1449 3360 evicta
1485 3288 1710 3379 meis,
1749 3307 1830 3360 tu
1867 3292 2101 3383 prima
2140 3290 2491 3363 furentem

731 3386 916 3493 His,
958 3424 1333 3503 germana,
1373 3404 1584 3475 malis
1621 3429 1907 3495 oneras,
1952 3423 2167 3499 atque
2204 3407 2454 3505 objicis
2489 3407 2705 3479 hosti.

733 3504 907 3590 Non‘
945 3518 1148 3591 licuit
1183 3519 1476 3625 thalami
1515 3524 1874 3612 expertem
1914 3522 2064 3591 sine
2105 3524 2399 3593 crimine
2432 3523 2651 3595 vitam
2770 3510 2779 3519 ’

733 3624 1009 3734 Degere
1047 3648 1251 3706 more
1287 3634 1509 3723 ferae,
1555 3634 1714 3707 talis
1753 3658 1884 3705 nec
1920 3654 2200 3735 tangere
2240 3640 2497 3710 curas?

735 3747 911 3821 Non
948 3760 1208 3821 servata
1243 3750 1467 3839 fides,
1508 3750 1722 3822 cineri
1760 3750 2112 3845 promissa
2146 3751 2501 3848 Sychaei?

733 3850 1013 3936 Tantos
1053 3864 1169 3932 illa
1213 3884 1341 3932 sun
1385 3868 1765 3936 rum-ebat
1854 3888 2086 3936 actore
2182 3892 2438 3940 [aestus.
