3750 6217
360 752 444 834 '394
545 723 993 836 ἈΕΝΕΞΠΟΕ,
1047 732 1167 834 xrs
1223 757 1258 832 u
1305 738 1394 811 128.

361 903 410 977 Et
424 902 609 997 Messapus
629 898 762 997 equom
783 901 967 994 domitor,
990 898 1172 995 Neptunia
1193 904 1322 996 proles.

360 1018 483 1119 thue
500 1018 585 1104 dato
604 1018 707 1117 signo
725 1018 837 1113 spotia
856 1018 894 1111 in
914 1040 976 1089 sua
997 1014 1151 1110 quisque
1171 1016 1334 1107 recessit,
1432 1049 1436 1057 ·

360 1132 534 1232 Defigunt
554 1134 678 1204 tellure
695 1134 830 1220 hastas,
851 1148 886 1203 et
905 1153 1002 1205 scuta
1019 1131 1199 1218 reclinant„

359 1247 458 1319 Turn
481 1249 600 1340 studio
622 1247 753 1344 effusae,
769 1266 923 1336 matres,
950 1263 987 1317 et
1002 1247 1130 1344 volgus
1150 1247 1354 1340 inermum,

359 1364 584 1458 lnvalidique
607 1387 732 1452 senes,
757 1364 858 1440 turris
878 1382 913 1434 et
931 1379 1021 1434 tecta
1040 1361 1238 1457 domorum

358 1479 566 1577 obsedere:
596 1479 656 1549 alii
676 1467 788 1573 portis
807 1478 1025 1573 sublimibus
1045 1477 1193 1557 adstant.

417 1594 464 1667 At
479 1594 579 1683 Juno
600 1621 620 1674 e
643 1619 813 1696 summo,
839 1594 905 1689 qui
921 1617 1018 1672 nunc
1037 1592 1199 1686 Albanus
1216 1594 1385 1683 habetur,
1472 1612 1474 1615 ·

358 1709 478 1808 (Turn
499 1736 617 1806 neque
636 1734 772 1796 nomen
792 1728 882 1797 erat,
904 1732 969 1782 nec
984 1708 1126 1795 honos,
1152 1727 1213 1782 aut
1230 1710 1342 1808 gloria
1360 1711 1509 1806 monti)

357 1826 584 1921 Prospiciens
602 1826 748 1902 tumulo
770 1850 942 1919 eampum
963 1823 1212 1919 adspectatur,
1236 1844 1271 1897 et
1290 1825 1414 1907 ambas

357 1940 581 2014 Laurentum
599 1923 812 2035 Troumque
833 1941 947 2028 acies,
971 1939 1172 2032 urbemque
1185 1921 1321 2020 Latini.

356 2056 557 2154 {xtemplo
574 2056 688 2131 Turni
705 2056 754 2126 sic
772 2074 825 2129 est
843 2053 959 2137 adfata
980 2079 1161 2146 sororem,

357 2170 451 2248 Diva
472 2171 595 2260 deam,
618 2172 747 2268 stagnis
768 2195 860 2263 quae
877 2167 1166 2265 fluminibusque
1185 2170 1325 2245 sonoris

356 2285 536 2388 Praesidet
559 2314 571 2388 :¹
597 2287 693 2360 hunc
712 2286 767 2378 illi
783 2309 845 2385 rex
860 2285 1008 2374 aetheris
1025 2287 1118 2358 altus
1134 2286 1311 2368 honorem

352 2402 522 2498 Juppiter
539 2418 658 2497 erepta
678 2426 745 2496 pro
765 2401 962 2503 virgi-nitate
983 2400 1152 2488 sacravit:

355 2517 556 2612 Nympha,
574 2516 684 2613 decus
701 2515 913 2614 fluviorum,
937 2516 1061 2613 animo
1085 2518 1278 2614 gratissima
1296 2535 1444 2606 nostro,

354 2631 452 2721 Scis,
479 2650 521 2732 ut
537 2651 572 2717 te
589 2632 725 2725 cunctis
744 2656 873 2728 unam,
896 2656 1147 2725 quaecumque
1166 2632 1313 2710 Latinae

353 2746 581 2846 Magnanimi
593 2746 694 2836 Jovis
714 2747 893 2846 ingratum
912 2746 1125 2835 adscendere
1145 2747 1285 2835 cubile,

353 2862 610 2966 l'metulorim„
635 2863 799 2956 coelique
817 2862 946 2965 lubens
967 2863 1004 2933 in
1025 2844 1309 2957 partelucarirn:

354 2977 462 3060 Disce
479 2999 603 3069 tuum,
623 3003 670 3054 ne
690 3004 750 3076 me
768 2979 932 3067 incuses,
948 2978 1124 3067 juturna,
1145 2978 1322 3073 dolorem.

354 3093 439 3199 Qua
458 3096 531 3185 viso
552 3112 604 3173 est
624 3092 765 3189 fortuna
782 3095 880 3201 pati,
904 3093 1102 3196 Parcaeque
1121 3092 1286 3170 sinebant

353 3199 489 3279 Cedere
510 3234 561 3281 res
580 3209 705 3299 Latio,
723 3211 889 3297 Turnum
913 3234 950 3289 et
965 3228 1026 3305 tua
1042 3210 1188 3295 moenia
1208 3209 1303 3290 texi:

353 3323 462 3395 Nunc
476 3327 647 3422 juvenem
666 3324 849 3419 inparibus
866 3326 971 3397 video
991 3350 1194 3403 concunete
1214 3322 1317 3402 fatisr

354 3425 617 3533 Parcarumque
638 3440 731 3527 dies,
760 3459 796 3514 et
814 3441 867 3515 vis
888 3440 1037 3529 inimica
1055 3443 1286 3535 propinquat.

354 3554 441 3626 Non
460 3579 620 3654 pugnam
641 3554 819 3651 adspicere
840 3556 931 3647 hanc
948 3558 1082 3644 oculis,
1107 3581 1184 3645 non
1205 3555 1347 3628 foedera
1366 3581 1530 3651 possum.

353 3671 437 3760 Tu,
458 3696 524 3765 pro
546 3695 715 3770 germano
735 3671 873 3765 siquid
893 3674 1116 3767 praesentius
1130 3674 1261 3767 audes²

354 3788 489 3886 Perge:
519 3787 630 3883 deget
667 3773 788 3862 ¹forsan
808 3788 958 3886 miseros
977 3789 1127 3861 meliora
1145 3806 1345 3882 sequentur.

354 3902 430 3974 Vix
450 3885 490 3974 ea
510 3929 522 3973 ι
549 3928 667 3998 quom
687 3904 847 3988 lacrimas
868 3906 982 3976 ocul-is
996 3903 1148 3992 Juturna,
1162 3903 1350 3998 proludit,

352 4018 497 4111 Terque
517 4038 712 4112 quaterque
731 4044 841 4111 manu
862 4038 987 4114 pectus
1005 4020 1176 4113 percussit
1191 4021 1396 4109 honestum.

353 4133 441 4203 Non
462 4133 615 4222 lacrimis
631 4134 701 4204 hoc
721 4153 886 4228 tempus,
909 4135 958 4205 ait
977 4132 1133 4206 Saturnia
1149 4116 1270 4224 Junot

353 4246 544 4345 Adcelera,
566 4267 603 4324 et
621 4247 784 4337 fratrem,
806 4252 834 4321 si
855 4252 935 4345 quis
955 4249 1109 4337 modus,
1131 4250 1226 4344 eripe
1244 4251 1376 4330 morti:

353 4364 427 4433 Aut
444 4382 484 4433 tu
504 4363 599 4432 bella
619 4364 691 4452 cie,
713 4383 1005 4459 conceptumque
1026 4384 1150 4451 excute
1168 4365 1306 4462 locrius.

353 4480 487 4558 Auctor
507 4504 573 4577 ego
592 4479 758 4558 audendi.
799 4481 849 4555 sic
869 4482 1049 4570 exhortata
1066 4482 1210 4578 reliquit
1309 4461 1312 4466 Ι

355 4598 551 4682 Incertam,
576 4616 611 4666 et
628 4596 716 4668 tristi
735 4595 909 4667 turbatam
927 4600 1073 4667 volnere
1091 4596 1233 4678 mentis.
