3750 6217
713 820 862 911 148
1093 813 2687 907 AENE1D0811.v.358.

701 980 1060 1052 Vadimus
1093 979 1284 1049 haud
1323 980 1621 1051 dubiam
1661 978 1738 1048 in
1775 996 2087 1049 mortem
2140 1007 2155 1046 ε
2214 970 2640 1071 mediaeque
2680 996 3045 1058 tenemus

703 1097 914 1167 Urbis
955 1097 1101 1167 iter.
1191 1119 1344 1165 nox
1383 1115 1524 1167 atra
1553 1119 1730 1165 cava
1768 1096 2234 1166 circumvolat
2272 1094 2543 1171 umbra,

705 1212 893 1317 Quis
932 1211 1210 1282 cladem
1245 1211 1437 1282 illius
1475 1209 1708 1283 noctis
1731 1266 1750 1299 ,
1797 1210 1960 1303 quis
1998 1208 2240 1283 funera
2278 1208 2501 1281 fa'ndo

704 1328 1072 1423 Explicet,
1112 1346 1233 1406 aut
1271 1328 1500 1423 possit
1540 1326 1844 1397 lacrimis
1884 1350 2180 1419 aequare
2219 1324 2499 1403 labores
2524 1324 2560 1396 ?

705 1443 892 1515 Urbs
928 1442 1222 1535 antiqua
1255 1444 1393 1514 ruit
1422 1500 1443 1533 ,
1486 1444 1761 1515 multos
1795 1433 2167 1513 dominata
2206 1467 2334 1537 per
2371 1464 2601 1513 annos
2630 1467 2647 1510 ε

707 1560 1023 1630 Plurima
1063 1582 1332 1653 perque
1369 1560 1520 1631 vias
1560 1574 1963 1629 sternuntur
2002 1559 2248 1637 inertia
2283 1556 2553 1651 passim

707 1676 1070 1770 Corpora,
1115 1699 1385 1768 perque
1424 1675 1732 1762 domos,
1773 1692 1843 1745 et
1880 1674 2204 1770 religiosa
2242 1673 2546 1745 deorum

709 1774 1019 1863 Limina.
1099 1813 1232 1859 nec
1275 1790 1416 1860 soli
1456 1813 1729 1884 poenas
1769 1790 1943 1871 dant
1982 1791 2320 1887 sanguine
2361 1789 2617 1859 Teucri
2650 1818 2666 1855 ε

711 1906 1114 2011 Quondam
1153 1905 1369 1983 etiam
1403 1906 1607 1976 victis
1641 1905 1822 1976 redit
1861 1904 1937 1974 in
1976 1905 2386 1999 praecordia
2422 1905 2683 1982 virtus;

708 2022 1183 2114 Victoresque
1223 2020 1488 2092 cadunt
1520 2019 1769 2091 Danai.
1850 2020 2152 2093 crudelis
2189 2021 2462 2114 ubique

713 2138 1016 2226 LuctuS,
1058 2135 1330 2230 ubique
1370 2161 1633 2231 pavor,
1678 2154 1747 2207 et
1784 2136 2093 2229 plurima
2130 2138 2386 2209 mortis
2418 2136 2681 2233 imago.

827 2252 1110 2331 PrImus
1139 2275 1211 2329 se
1233 2306 1254 2341 ‚
1296 2251 1631 2323 Danaum
1669 2275 1928 2349 magna
1968 2254 2357 2325 comitante
2396 2268 2663 2323 caterva
2683 2303 2708 2342 ,
2794 2250 2799 2255 ’

712 2368 1136 2467 Androgeus
1177 2364 1378 2440 offert
1415 2366 1665 2456 nobis,
1718 2367 1910 2439 socia
1946 2370 2231 2465 agmina
2270 2368 2561 2439 credens

713 2484 997 2555 Inscius
1021 2514 1050 2583 ;·
1078 2502 1293 2576 atque
1329 2485 1519 2555 ultro
1558 2483 1790 2555 verbis
1824 2486 2189 2576 conpellat
2226 2483 2517 2563 amici53

713 2600 1066 2672 festinate
1089 2653 1111 2687 ‚
1156 2599 1308 2669 viri.
1382 2623 1553 2669 nam
1593 2622 1777 2692 quae
1819 2615 1970 2669 tarn
2012 2625 2155 2671 sera
2195 2616 2513 2670 moratur

714 2716 1058 2813 segnities
1101 2715 1134 2789 Ρ
1193 2715 1313 2787 alii
1351 2715 1636 2807 rapiunt
1675 2713 1958 2787 incensa
1994 2712 2370 2809 feruntque

713 2834 1056 2930 Pergama
1091 2858 1109 2899 z
1165 2854 1297 2903 vos
1336 2831 1538 2903 celsis
1575 2854 1770 2901 nunc
1809 2832 2128 2924 primum
2161 2857 2201 2902 a
2237 2829 2539 2901 navibus
2580 2829 2751 2901 itis?

715 2947 924 3020 Dixit
963 2974 979 3015 :
1016 2963 1109 3051 ⁸et
1147 2947 1515 3040 extemplo
1539 3001 1559 3035 ‚
1605 2970 1842 3041 neque
1879 2947 2075 3021 enim
2116 2969 2453 3040 responsa
2488 2943 2837 3025 dabantur

713 3064 894 3135 Fida
931 3062 1093 3134 satis
1116 3115 1137 3150 ‚
1188 3062 1406 3143 sensit
1437 3062 1722 3133 medios
1761 3060 2090 3134 delabsus
2128 3063 2205 3133 in
2237 3062 2505 3133 hostis:

715 3176 1120 3272 Obstupuit
1144 3228 1164 3265 ‚
1212 3198 1541 3269 retroque
1580 3178 1847 3272 pedem
1892 3203 2061 3250 cum
2098 3202 2276 3249 voce
2313 3176 2657 3272 repressit.

714 3292 1183 3386 Inprovisum
1224 3292 1444 3385 aspris
1480 3293 1699 3362 veluti
1741 3292 1870 3385 qui
1908 3292 2226 3365 sentibus
2263 3317 2573 3391 anguem

714 3406 974 3492 Pressit
1009 3404 1212 3474 humi
1250 3406 1485 3478 nitens
1507 3460 1529 3494 ‚
1571 3405 2038 3501 trepidusque
2071 3426 2360 3503 repente
2403 3405 2658 3506 refugit

715 3522 1210 3595 Adtollentem
1248 3520 1380 3598 iras
1406 3575 1427 3608 ,
1482 3539 1552 3592 et
1589 3523 1861 3592 caerula
1900 3525 2087 3594 colla
2125 3541 2525 3596 tumentem
2559 3551 2575 3590 :

715 3636 938 3709 Haud
976 3660 1172 3708 secus
1211 3633 1631 3735 Androgeus
1667 3636 1824 3707 visu
1862 3636 2309 3711 tremefactus
2344 3637 2603 3711 abibat.

713 3753 1084 3825 Inruimus
1106 3806 1128 3841 ,
1176 3750 1415 3825 densis
1449 3769 1518 3823 et
1553 3749 2190 3824 circumfundimur
2226 3754 2478 3832 armis;

713 3870 1157 3956 Inatos-ue
1197 3868 1337 3936 loci
1388 3937 1389 3940 ,
1433 3867 1641 3940 assim-
1737 3883 1805 3940 et
1845 3865 2226 3940 fonnidine
2266 3896 2338 3940 ca
2362 3892 2514 3940 tos
