3750 6217
986 782 1082 887 εἷς
1279 794 2341 884 ononorcoN
2457 804 2656 879 111.
2774 830 2841 878 v.
2940 816 3139 900 457.

982 978 1190 1084 Quin
1233 976 1448 1049 etiarn
1472 1029 1495 1065 ,
1544 976 1692 1046 ima
1733 976 1949 1047 dol‘or
1982 973 2360 1044 balantum
2399 970 2641 1044 labsus
2682 968 2779 1040 ad
2816 980 2980 1043 ‘ossa

983 1093 1245 1198 Quom
1265 1089 1520 1180 furit?
1540 1110 1755 1184 atque
1797 1107 1983 1161 artus
2024 1088 2431 1183 depascitur
2468 1086 2661 1157 arida
2707 1083 2967 1177 febriS,

984 1206 1265 1278 Profuit
1303 1206 1633 1305 incensos
1672 1224 1904 1277 aestus
1944 1222 2288 1292 avertere,
2337 1222 2407 1274 et
2443 1202 2626 1273 inter

987 1323 1150 1397 Ima
1189 1320 1388 1391 ferire
1429 1320 1639 1414 pedis
1677 1321 2048 1391 salientem
2094 1318 2435 1415 sanguine
2476 1334 2789 1387 venamt

186 1485 200 1538 h
990 1437 1298 1509 Bisaltae
1339 1458 1490 1528 quo
1529 1460 1735 1506 more
1779 1436 2060 1522 solent,
2103 1458 2400 1526 acerque
2445 1431 2823 1537 GelonuS,

992 1551 1254 1657 Quom
1297 1549 1477 1649 fugit
1514 1551 1590 1621 in
1626 1549 2089 1644 Rhodopen,
2136 1566 2352 1641 atque
2394 1548 2470 1619 in
2512 1547 2783 1620 deserta
2822 1545 3179 1621 Getarum
3208 1588 3235 1641 ·,

988 1667 1086 1740 Et
1119 1669 1229 1736 lac
1269 1670 1688 1736 concretum
1725 1680 1894 1736 cum
1938 1664 2282 1762 sanguine
2318 1667 2526 1758 potat
2567 1662 2879 1761 equino..

996 1780 1243 1884 Quam
1284 1781 1544 1874 procul
1585 1799 1710 1852 aut
1747 1779 1965 1850 molli
2003 1777 2379 1852 succedere
2416 1780 2702 1879 saepius
2732 1777 3032 1848 umbrae

993 1895 1287 1967 Videris
1314 1950 1334 1983 ,
1385 1899 1512 1966 aut
1552 1900 1875 1967 summas
1912 1912 2325 1990 carpentem
2367 1894 2690 1991 ignavius
2728 1892 2980 1964 herbas
3006 1946 3030 1981 ‚

997 2011 1559 2103 Extremamque
1602 2011 1849 2104 sequi,
1897 2029 2021 2081 aut
2054 2010 2304 2079 'medio
2346 2007 2829 2103 procumbere
2865 2022 3139 2103 campo·

1000 2125 1420 2197 Pascentem
1447 2177 1467 2213 ,
1510 2144 1581 2223 et
1616 2143 1803 2217 serae
1841 2126 2074 2197 solam
2113 2123 2451 2196 decedere
2491 2124 2736 2195 noctiz

1005 2239 1380 2312 Continuo
1425 2242 1716 2335 culpam
1754 2239 1934 2311 ferro
1979 2264 2376 2334 conpesce,
2424 2239 2622 2335 prius
2660 2254 2889 2333 quam

1003 2344 1176 2427 Dira
1217 2374 1346 2450 per
1379 2356 1748 2427 incautum
1788 2375 2071 2451 serpant
2105 2355 2435 2454 contagia
2468 2356 2746 2453 volguS.

1003 2456 1182 2542 Non
1221 2484 1370 2541 tam
1410 2471 1647 2541 creber
1680 2490 1895 2569 agens
1938 2468 2258 2541 hiemem
2297 2471 2785 2563 ruit·aequore
2824 2454 3089 2557 turbo,

1009 2584 1258 2690 Quam
1290 2586 1564 2656 multae
1603 2587 1970 2680 pecudum
2010 2604 2267 2681 pestes.
2350 2610 2485 2656 nec
2528 2585 2805 2683 singula
2838 2582 3080 2653 morbi

188 1315 193 1326 -
186 1075 196 1281 ῄ--τ--ν
188 1049 189 1056 ⁴

293 1048 304 1059 ο

199 2660 238 2703 ⁴⁶
1009 2699 1338 2795 Corpora
1374 2701 1795 2796 conripiunt
1826 2731 1843 2780 ;
1908 2701 2032 2774 sed
2072 2718 2223 2772 tota
2260 2700 2520 2772 aestiva
2553 2715 2877 2794 repente,

197 2802 230 2855 Γ
1010 2812 1378 2917 Spemque
1406 2837 1838 2916 gregemque
1878 2813 2136 2905 simul,
2180 2838 2665 2909 cunctamque
2702 2812 2793 2885 ab
2829 2812 3100 2913 origine
3130 2827 3468 2914 gentem.

195 2936 226 2971 ·‘
1009 2920 1212 3001 Tum
1254 2931 1466 3022 sciat,
1509 2934 1721 3005 aerias
1755 2930 1966 3029 Alpis
2003 2948 2072 3003 et
2111 2931 2374 3002 Norica
2414 2932 2471 3003 si
2511 2930 2677 3023 quis

186 3039 212 3074 Ι

1013 3046 1320 3119 castella
1357 3048 1435 3118 in
1472 3050 1816 3137 tumulis,
1859 3050 1931 3121 et
1970 3047 2265 3142 Iapydis
2305 3071 2462 3117 arva
2492 3044 2820 3134 Timavi,

1013 3146 1232 3232 Nunc
1274 3180 1577 3256 quoque
1613 3182 1785 3257 post
1824 3183 2027 3235 tanto
2064 3163 2344 3252 videat,
2392 3162 2810 3254 desertaque
2850 3184 3066 3260 regna

1017 3262 1432 3364 Pastorum,
1476 3296 1548 3348 et
1584 3280 1801 3375 longe
1842 3281 2060 3349 saltus
2096 3278 2386 3371 lateque
2421 3277 2754 3348 vacantis.

1134 3383 1274 3459 Hic
1317 3391 1699 3481 quondam
1739 3390 2006 3462 morbo
2048 3393 2232 3462 coeli
2270 3392 2674 3463 miseranda
2715 3406 2967 3463 coorta
3003 3408 3109 3465 'est

1017 3503 1486 3597 Tempestas,
1535 3523 1845 3600 totoque
1886 3506 2217 3580 autumni
2258 3507 2632 3578 incanduit
2671 3524 2906 3595 aestu,

1023 3620 1114 3691 Et
1153 3636 1377 3717 genus
1419 3644 1640 3692 omne
1681 3620 1837 3692 neci
1880 3618 2246 3715 pecudum
2290 3622 2527 3711 dedit,
2573 3646 2794 3694 omne
2828 3619 3175 3693 ferarum:

1027 3733 1535 3829 Conrupitque
1577 3737 1773 3809 lacus
1823 3765 1837 3805 ε
1900 3735 2145 3807 infecit
2183 3736 2451 3832 pabula
2490 3735 2683 3809 tabo,

1027 3849 1179 3920 Nec
1219 3850 1331 3920 via
1371 3853 1623 3924 mortis
1667 3870 1811 3924 erat
1843 3853 2192 3948 simple33
2252 3852 2376 3924 Sed
2420 3852 2544 3924 ubi
2588 3853 2792 3952 ignea
2832 3853 3032 3928 venis
