3750 6217
369 729 476 802 344Ι
573 701 1365 801 A-ENE1D05x2vr325.

366 872 544 942 Dardania
564 889 689 944 stratus
707 865 852 961 dextra,
875 874 1016 946 securus
1032 898 1221 963 amorum,

365 987 444 1092 Qui
459 989 635 1084 juvenum
656 987 723 1059 libi
744 1013 885 1083 semper
901 1006 1015 1078 erant,
1038 989 1265 1076 miserande,
1280 989 1434 1086 jaceresr

366 1102 416 1172 Ni
436 1101 582 1173 fratrum
606 1103 734 1197 stipata
752 1105 881 1175 cohors
898 1101 991 1176 foret
1009 1104 1139 1193 obvia,
1162 1103 1291 1174 Phorci
1324 1163 1326 1168 .

366 1217 561 1318 Progenies
579 1245 587 1284 ι
618 1233 757 1311 septem
777 1217 955 1307 numero,
983 1237 1202 1313 septenaque
1221 1220 1309 1291 tels.
1410 1283 1415 1290 .

367 1331 588 1429 Conjiciunt.
627 1333 759 1426 partim
780 1335 879 1431 galea
897 1333 1093 1428 clipeoque
1110 1336 1282 1406 resultant

367 1447 478 1518 Inrita
495 1475 503 1523 ;
527 1445 672 1518 deflexit
691 1449 822 1541 partim
842 1449 1045 1546 stringentia
1067 1458 1198 1544 corpus

367 1561 474 1633 Alma
495 1550 632 1634 Venus.
671 1562 787 1633 fidum
806 1561 944 1634 Aeneas
963 1561 1103 1634 adfatur
1119 1561 1297 1635 Achaten!

369 1674 523 1774 Suggere
541 1667 610 1748 tela
630 1677 742 1766 mihi,
763 1700 841 1749 non
860 1679 980 1748 ullum
1001 1677 1140 1750 dextera
1158 1675 1284 1750 frustra

367 1781 526 1863 Torserit
545 1793 583 1861 in
601 1792 783 1882 Rutulos,
807 1810 978 1865 steterunt
995 1817 1090 1887 quae
1109 1794 1148 1863 in
1168 1817 1318 1888 corpore
1339 1789 1498 1865 Graium
1521 1851 1523 1856 .

367 1906 486 1978 Iliacis
504 1908 651 2002 campis:
690 1925 769 1978 tum
787 1909 956 2006 magnam
973 1908 1131 2003 conripit
1149 1907 1285 1978 hastam
1305 1945 1317 1998 ς

368 2013 414 2093 Et
427 2022 512 2119 jacit
534 2049 542 2089 :
571 2022 634 2093 illa
652 2024 780 2094 volans
798 2023 906 2116 clipei
927 2023 1180 2094 transverberat
1199 2046 1277 2093 aera
1305 2055 1307 2062 s

367 2131 556 2226 Maeonis,
579 2155 615 2208 et
633 2137 775 2208 thoraca
796 2138 906 2208 simul
926 2161 1010 2207 curn
1030 2151 1175 2231 pectore
1193 2138 1339 2232 rumpit:

368 2251 466 2323 Huic
485 2250 588 2323 frater
607 2250 704 2323 subit
723 2251 898 2340 Alcanor,
922 2250 1136 2345 fratremque
1157 2269 1320 2322 ruentem

368 2363 547 2437 Sustentat
564 2367 684 2437 dextra
704 2381 712 2436 ὲ
741 2368 885 2464 trajecto
904 2366 1013 2438 missa
1032 2369 1163 2438 lacerto

368 2473 537 2553 Protinus
555 2481 655 2552 hasta
671 2479 787 2580 fugit,
809 2499 993 2575 servatque
1014 2485 1158 2553 'cruenta
1176 2491 1337 2552 tenorem
1354 2493 1362 2551 ἑ

369 2585 594 2689 Dexteraque
612 2620 657 2666 ex
673 2596 825 2666 humero
844 2596 961 2667 nervis
980 2596 1199 2666 moribunda
1218 2597 1405 2691 pependitt

368 2697 469 2783 Tum
489 2710 685 2800 Numitor,
709 2712 830 2809 jaculo
851 2708 963 2781 fratris
983 2711 1028 2781 de
1049 2725 1200 2805 corpore
1218 2729 1346 2806 rapto,

368 2825 513 2899 Aenean
532 2827 636 2922 petiit
657 2853 664 2894 r
695 2825 758 2899 sed
777 2849 855 2897 non
873 2843 909 2897 et
925 2824 1030 2923 figere
1050 2844 1173 2897 contra

368 2942 432 3016 Est
450 2941 610 3029 licitum,
627 2942 824 3038 magnique
841 2940 961 3009 femur
980 2940 1185 3034 perstrinxit
1201 2937 1365 3012 Achataez

367 3053 439 3128 Hic
459 3057 636 3144 Curibus,
656 3055 769 3126 hdens
790 3056 973 3148 primaevo
993 3069 1166 3149 corpore,
1187 3054 1340 3128 Clausus

368 3167 550 3259 Advenit,
571 3190 606 3242 et
618 3170 732 3268 rigida
754 3169 928 3263 Dryopen
948 3166 1027 3240 ferit
1045 3170 1188 3240 eminus
1207 3170 1307 3241 hasta

369 3283 443 3355 Sub
460 3304 650 3372 mentum,
676 3285 821 3382 graviter
838 3297 981 3378 pressa,
1003 3285 1205 3378 pariterque
1225 3286 1413 3378 loquentis

368 3397 512 3470 Vocem
531 3394 766 3492 'animamque
785 3388 901 3494 rapit,
920 3402 1064 3497 trajecto
1086 3418 1247 3496 gutture;
1271 3419 1306 3470 at
1325 3400 1387 3471 ille

369 3516 501 3585 Fronte
519 3512 598 3585 ferit
613 3527 757 3601 terram,
780 3533 815 3585 et
834 3523 990 3584 crassum
1008 3515 1126 3585 vomit
1147 3539 1207 3584 ore
1229 3528 1407 3587 cruoren'u

369 3630 451 3702 Tris
470 3655 620 3724 quoque
641 3629 825 3699 Threicios
844 3628 975 3699 Boreae
995 3629 1163 3726 degente
1184 3644 1370 3721 suprema,

369 3747 414 3817 Et
433 3747 515 3835 tris,
537 3770 631 3839 quos
650 3745 732 3817 Idas
752 3762 849 3838 pater
869 3762 903 3814 et
923 3745 1035 3838 patria
1055 3744 1188 3813 Ismara
1206 3743 1338 3832 mittit,

369 3862 434 3932 Per
452 3862 565 3931 varios
586 3860 707 3931 sternit
726 3885 835 3931 casus.
875 3858 1027 3929 adcurrit
1044 3858 1219 3947 Halesus,

369 3975 632 4066 Auruncaeque
650 3999 780 4044 manus
803 4002 812 4042 ε
842 3971 939 4046 subit
957 3990 991 4043 et
1010 3972 1194 4066 Neptunia
1214 3975 1354 4065 proles,

369 4091 523 4186 Insignis
543 4088 731 4181 Messapus
751 4090 854 4180 equis
875 4116 883 4156 =
913 4090 1090 4180 expellere
1109 4088 1264 4158 tendunt

369 4203 477 4272 Nunc
496 4203 555 4291 hi,
576 4225 673 4272 nunc
694 4204 747 4272 illi
770 4230 777 4268 r
809 4221 956 4272 certatur
974 4203 1101 4273 limine
1121 4204 1159 4272 in
1180 4204 1262 4296 ipso

368 4316 560 4389 Ausoniae.
601 4342 734 4414 magno
756 4317 937 4387 discordes
957 4318 1093 4388 aethere
1111 4319 1209 4389 venti

368 4433 506 4502 Proelia
525 4457 590 4504 ceu
612 4435 769 4520 tollunt,
793 4432 923 4502 animis
941 4451 978 4502 et
995 4432 1128 4503 viribus
1146 4433 1297 4526 aequis:

366 4548 454 4619 Non
474 4548 545 4645 ipsi
562 4549 655 4620 inter
675 4571 738 4636 se,
762 4572 838 4619 non
859 4547 1007 4638 nubila,
1034 4571 1112 4617 non
1129 4562 1226 4619 mare
1248 4547 1406 4623 ceduntr
1445 4623 1448 4632 ,
1562 4634 1564 4638 v
