3750 6217
366 744 445 814 350
573 709 1024 824 Aflnntlnos
1081 703 1129 790 ll.
1189 739 1223 786 v.
1275 731 1370 808 523.

363 888 430 958 Per
448 885 582 982 patrios
601 887 746 974 manis,
771 908 835 978 per
855 891 936 976 spes
959 883 1132 980 surgentis
1154 866 1249 971 liili,

367 1003 423 1073 Te
443 1023 589 1097 precor,
611 1002 701 1072 hanc
722 1001 881 1070 animam
902 1023 1015 1069 serves
1036 1016 1219 1108 gnatoque
1239 996 1414 1092 patrique.

366 1101 429 1190 Est
448 1117 583 1189 domus
603 1119 672 1186 alta
693 1145 700 1184 ι
727 1119 847 1215 jacent
866 1114 1013 1209 penitus
1029 1112 1170 1185 defossa
1190 1114 1324 1185 talenta

368 1233 505 1304 Caelati
527 1231 660 1330 argenti
684 1258 691 1298 :
723 1244 806 1302 sunt
825 1231 898 1299 auri
918 1227 1181 1334 ponderafacti

369 1347 570 1440 Infectique
590 1347 691 1418 mihi.
728 1369 806 1416 non
825 1339 882 1414 hic
903 1346 1051 1415 victoria
1071 1339 1254 1418 Teucrum

368 1462 551 1543 Vertitur;
574 1481 634 1533 aut
654 1461 775 1532 anima
793 1486 864 1530 uua
880 1459 981 1530 dabit
1001 1459 1204 1532 discrimina
1224 1463 1332 1529 tanta.

371 1578 526 1649 Dixerat.
563 1578 702 1649 Aeneas
721 1595 843 1648 contra
861 1575 917 1645 tui
940 1577 1023 1646 talia
1042 1575 1181 1646 reddit:

370 1692 519 1792 Argenti
538 1713 646 1787 atque
666 1694 740 1763 auri
760 1710 941 1762 memoras
962 1715 1054 1785 quae
1072 1692 1187 1760 multa
1204 1691 1357 1779 talenta,

371 1808 500 1882 Gnatis
519 1835 622 1904 parce
640 1805 720 1880 tuis.
763 1794 849 1878 belli
870 1806 1086 1877 commercia
1099 1806 1245 1878 Tumus

335 2023 338 2028 Ι
372 1924 524 1996 Sustulit
547 1925 612 1996 is'ta
635 1925 756 2019 prior,
777 1926 854 2023 jam
874 1942 955 1994 turn
974 1923 1135 1993 Pallante
1156 1937 1331 2015 peremto.

374 2040 458 2111 Hoc
478 2041 589 2134 patris
608 2031 783 2111 Anchisae
804 2063 950 2127 manes,
974 2038 1045 2109 hoc
1067 2035 1174 2109 sentit
1194 2037 1304 2108 liilus

374 2155 432 2225 Sic
452 2154 544 2227 fatus
566 2158 703 2253 galeam
725 2157 822 2224 laeva
842 2167 964 2242 tenet,
990 2167 1097 2246 atque
1119 2151 1246 2223 reflexa

378 2271 525 2341 Cervice
548 2271 680 2340 omittis
705 2268 836 2366 capulo
857 2286 961 2340 tenus
983 2257 1138 2364 adplicat
1158 2292 1291 2339 ensem.

376 2381 454 2455 Nec
474 2388 603 2478 procul
626 2384 897 2472 Haemonides,
920 2385 1061 2455 Phoebi
1078 2384 1292 2474 Triviaeque
1311 2380 1502 2472 sacerdoS,

378 2499 500 2571 Infula
525 2502 583 2570 cui
606 2526 698 2571 sacra
723 2499 912 2571 redimibat
929 2520 1095 2595 tempora
1116 2500 1224 2587 vitta,

381 2607 501 2685 Totus
524 2617 720 2686 conlucens
738 2634 834 2686 veste
852 2631 959 2707 atque
982 2615 1184 2714 insignibus
1205 2613 1332 2683 armis:

379 2729 503 2835 Quem
527 2749 734 2828 congressus
758 2731 830 2828 agit
849 2745 1007 2825 campo,
1029 2732 1246 2821 labsumque
1267 2739 1474 2822 superstans

379 2845 566 2934 Inmolat,
594 2839 803 2943 ingentique
823 2846 953 2915 umbra
975 2846 1071 2942 tegit.
1112 2870 1209 2916 arma
1229 2841 1385 2914 Serestus

381 2961 487 3032 Lecta
505 2961 607 3033 refert
625 2961 806 3049 humeris,
829 2960 918 3048 tibi,
940 2986 1002 3031 rex
1022 2961 1194 3050 Gradive,
1217 2977 1420 3052 tropaeum.

298 3123 303 3132 -
382 3077 584 3148 Instaurant
607 3078 698 3147 acies
717 3071 875 3146 Volcani
896 3077 1003 3170 stirpe
1023 3099 1158 3148 creatus

382 3191 556 3262 Caeculus
582 3209 616 3262 et
638 3191 784 3260 veniens
804 3191 1004 3263 Marsorum
1025 3191 1215 3262 montibus
1239 3187 1405 3259 Umbro:

382 3303 605 3376 Dardanides
629 3325 748 3375 contra
773 3306 865 3379 furit.
905 3305 1060 3379 Anxuris
1079 3333 1161 3379 ense
1183 3307 1382 3394 sinistram,

382 3421 429 3490 Et
447 3440 568 3490 totum
587 3422 694 3513 clipei
714 3421 803 3490 ferro
829 3424 1001 3520 dejecerat
1023 3424 1147 3493 orbem
1167 3452 1175 3500 ;

384 3535 531 3606 Dixerat
553 3535 612 3605 ille
633 3537 773 3629 aliquid
797 3563 994 3635 magnum,
1020 3541 1169 3631 simque
1191 3536 1313 3606 adfore
1334 3534 1449 3608 uerbo

385 3650 616 3741 Crediderat,
640 3655 819 3745 coeloque
842 3654 1006 3722 animum
1032 3655 1176 3725 fortasse
1194 3653 1347 3740 ferebat,

384 3766 638 3861 Canitiemque
659 3765 724 3838 sibi
751 3784 785 3838 et
807 3771 938 3866 longos
961 3769 1173 3862 promiserat
1195 3792 1320 3838 annos.

385 3882 579 3974 Tarquitus
603 3885 782 3953 exsultans
805 3905 927 3955 contra
951 3877 1170 3983 fulgentibus
1193 3883 1322 3971 armiS,

385 3995 576 4066 Silvicolae
593 3998 717 4068 Fauno
743 3998 891 4093 Dryope
911 4025 1021 4092 quem
1045 4000 1207 4094 nympha
1228 4015 1376 4088 crearat,

386 4110 528 4180 Obvius
547 4111 682 4181 ardenti
707 4137 780 4185 sese
803 4114 945 4185 obtulit.
990 4117 1050 4184 ille
1070 4116 1214 4185 reducta

387 4224 550 4295 Loricam
573 4227 755 4320 clipeique
776 4230 900 4326 ingens
923 4254 1016 4301 otrus
1036 4230 1176 4325 inpedit
1198 4227 1305 4300 hasta.

388 4339 486 4407 Tum
510 4362 619 4434 caput
643 4347 774 4415 orantis
796 4346 1071 4438 nequidquam,
1095 4365 1129 4416 et
1150 4344 1263 4414 multa
1285 4345 1444 4437 parantis

388 4453 537 4543 Dicere,
559 4454 724 4527 deturbat
745 4478 873 4538 terrae3
896 4481 1136 4554 truncumque
1156 4478 1337 4554 tepentem

387 4567 631 4658 Provolreus,
660 4599 765 4667 super
786 4573 871 4646 haec
895 4577 1044 4648 inimico
1068 4596 1211 4672 pectore
1237 4574 1352 4647 latur:
