3750 6217
358 716 882 824 'GEORGICON
940 724 1113 805 lvsv.
1165 727 1255 820 358.
1329 748 1403 818 ¹⁰3

203 885 388 994 Tangere,
410 892 459 964 ait
482 917 490 959 ε
520 891 630 965 simul
649 893 720 964 alta
731 891 835 989 jubet
854 891 1033 965 discedere
1052 893 1122 962 late

202 1013 392 1099 Flumina,
413 1032 485 1102 qua
499 1008 646 1106 juvenis
660 1030 796 1106 gressus
816 1005 966 1083 inferret.
1001 1021 1041 1081 ‘at
1060 1007 1166 1077 illum
1284 1101 1287 1105 ,

205 1127 358 1198 Curvata
377 1125 416 1195 in
435 1123 572 1195 montis
592 1120 720 1195 faciem
739 1122 973 1197 circumstetit
990 1121 1110 1212 unda,

203 1242 432 1337 Adcepitque
452 1240 533 1311 sinu
551 1257 675 1328 vasto,
697 1237 870 1332 misitque
889 1236 955 1310 sub
975 1261 1131 1317 amnem.¹

199 1358 356 1450 Jamque
376 1355 533 1427 domum
551 1355 684 1427 mirans
701 1353 904 1452 genetricis,
927 1374 963 1427 et
979 1351 1131 1429 humida
1149 1375 1276 1454 regna,

204 1471 466 1570 Speluncisque
484 1471 581 1542 lacus
602 1470 763 1558 clausos,
787 1468 962 1563 lucosque
983 1468 1166 1559 sonantis,

206 1590 314 1677 Ibat,
337 1607 372 1660 et
388 1586 524 1684 ingenti
543 1602 650 1657 motu
670 1582 888 1679 stupefactus
903 1610 1100 1680 aquarum,

205 1703 343 1778 Omnia
362 1701 430 1774 sub
449 1724 579 1800 magna
598 1699 754 1779 labentia
773 1698 924 1771 flumina
943 1718 1030 1783 terra

206 1817 394 1915 Spectabat
411 1816 547 1888 diversa
566 1815 679 1905 locis,
700 1814 940 1912 Phasimque,
964 1817 1198 1912 Lycumque,

206 1935 252 2007 Et
271 1952 395 2030 capnt,
418 1930 516 2004 unde
536 1934 629 2004 altus
648 1931 809 2025 primum
831 1955 868 2003 se
888 1933 1047 2027 erumpit
1064 1932 1259 2026 Enipeus,

207 2050 312 2123 Unde
332 2067 430 2145 pater
447 2044 662 2135 Tiberinus,
688 2064 725 2118 et
740 2042 839 2118 unde
853 2045 994 2121 Aniena
1010 2046 1164 2138 fluenta,

206 2165 455 2258 Saxosrrmque
476 2186 608 2236 sonans
627 2160 814 2257 Hypanis,
836 2162 1036 2259 Mysusque
1054 2162 1208 2257 Caicus,

208 2281 252 2353 Et
272 2280 414 2379 gemina
431 2297 569 2351 auratus
587 2277 727 2356 taurino
748 2301 880 2361 tomua
898 2281 1003 2350 voltu

208 2395 382 2468 Eridanus
404 2423 413 2464 ι
443 2419 520 2488 quo
539 2417 618 2465 non
635 2393 725 2465 allus
744 2418 808 2487 per
826 2396 975 2493 pinguia
994 2398 1089 2468 culta

209 2512 256 2582 ln
275 2537 372 2583 mare
392 2535 615 2606 purpureum
632 2509 825 2585 violentior
842 2510 956 2582 effluit
974 2513 1100 2591 amnis.

208 2625 408 2721 Postquam
425 2645 478 2698 est
496 2627 536 2698 in
554 2624 703 2699 thalami
721 2624 916 2721 pendentia
934 2627 1080 2720 pumice
1098 2643 1190 2709 tecta

209 2739 447 2830 Perventum,
468 2761 504 2814 et
523 2742 620 2841 gnati
640 2739 746 2812 fletus
761 2741 933 2839 cognovit
950 2743 1066 2813 inanis

210 2855 370 2952 Cyrene;
391 2856 559 2928 manibus
582 2854 745 2950 liquidos
764 2854 852 2927 dant
872 2855 997 2927 ordine
1016 2856 1130 2929 fontis

118 2956 120 2961 ⁵
211 2971 432 3061 Germanae,
451 2972 638 3064 tonsisque
657 2968 774 3043 lerunt
793 2971 963 3042 mantelia
981 2971 1088 3053 villis,

211 3085 294 3159 Pars
312 3086 430 3182 epulis
450 3103 598 3191 oneraqt
616 3108 779 3176 mensas,
798 3103 834 3159 et
851 3087 960 3181 plena
978 3099 1163 3180 reponunt

210 3202 357 3274 Pocula.
397 3199 589 3273 Panchaeis
608 3199 819 3273 adolescunt
838 3199 981 3300 ignibus
1000 3225 1087 3275 arae.

208 3317 256 3390 Et·
275 3336 405 3406 mater,
431 3314 532 3411 Cape
550 3315 710 3388 Maeonii
727 3316 899 3397 carchesia
913 3313 1042 3388 Bacchi
1062 3344 1071 3386 ε

209 3434 358 3505 Oceano
379 3431 557 3524 libemus,
580 3433 640 3504 ait
678 3430 786 3503 simul
805 3433 884 3526 ipsa
903 3450 1065 3527 precatur
1125 3495 1128 3500 ,

209 3549 470 3642 Oceanumque
486 3566 627 3642 patrem
646 3571 784 3638 rerum,
807 3546 1073 3644 Nymphasque
1086 3571 1242 3639 sorores,

210 3663 367 3735 Centum
388 3687 479 3758 quae
497 3663 627 3753 silvas,
649 3668 796 3736 centum
814 3687 907 3757 quae
926 3660 1080 3735 flumina
1101 3682 1247 3737 servant.

211 3777 282 3850 Ter
296 3776 441 3873 liquido
461 3778 646 3851 ardentem
666 3777 824 3874 perfudit
843 3797 980 3851 nectare
995 3776 1170 3852 Vestam:

210 3891 282 3965 Ter
301 3893 449 3965 flamma
467 3891 515 3962 ad
534 3916 720 3965 summum
742 3895 826 3966 tecti
847 3892 1004 3994 subjecta
1023 3895 1174 3981 reluxit,
1292 3915 1295 3920 ·

211 4009 349 4081 Omine
369 4033 445 4103 quo
465 4007 608 4080 limans
625 4007 810 4105 animum,
832 4009 883 4083 sic
899 4010 1028 4105 incipit
1047 4010 1144 4105 ipsa:

268 4123 332 4196 Est
349 4125 388 4195 in
406 4121 598 4218 Carpathio
618 4121 782 4218 Neptuni
802 4123 940 4224 gurgite
958 4141 1078 4216 vates,

212 4239 403 4312 Caeruleus
422 4238 595 4329 Proteus,
616 4262 791 4338 magnum
812 4240 877 4333 qui
896 4240 1056 4336 piscibus
1074 4265 1216 4338 aequos·

212 4354 259 4426 Et
270 4357 399 4454 juncto
417 4353 597 4451 bipedum
616 4377 718 4426 curru
735 4355 881 4428 metitur
896 4379 1087 4450 equorum.

213 4469 284 4542 Hic
303 4494 399 4544 nunc
416 4469 602 4544 Emathiae
619 4487 746 4566 porrus
764 4470 991 4567 patriamque
1013 4473 1133 4546 revisit

213 4584 393 4683 Pallenen.
430 4587 527 4677 bunc
546 4603 583 4660 et
600 4583 795 4702 Nymphae
812 4611 1021 4682 veneramur
1030 4643 1044 4687 ‚
1065 4607 1101 4667 et
1117 4588 1198 4699 ipat
