3750 6217
574 715 919 795 ECLOGA
975 714 1115 789 VIII.
1174 740 1207 788 r.
1249 738 1320 804 es.
1492 731 1542 809 09

334 891 461 985 Incipe
479 887 680 960 Maenalios
703 909 849 959 mecum
865 938 877 974 ,
896 908 978 956 mea
996 882 1108 972 tibia,
1131 906 1260 967 versus.

333 1006 473 1103 Mopso
498 1002 585 1076 Nisa
608 1001 719 1075 datun
755 1001 847 1095 quid
866 1024 943 1071 non
964 1022 1146 1095 speremus
1166 996 1356 1069 amantes?

330 1122 530 1221 Jungentur
546 1121 622 1216 jam
642 1116 794 1218 gryphes
814 1115 945 1209 equis:
967 1138 1129 1208 aevoque
1147 1114 1311 1206 sequenti

335 1238 432 1309 Cum
454 1234 603 1308 canibus
625 1230 748 1307 timidi
772 1231 919 1302 venient
944 1229 990 1300 ad
1013 1228 1145 1322 pocula
1170 1227 1305 1298 darnae.

334 1352 494 1448 Mopse,
524 1373 639 1421 novas
657 1344 777 1417 incide
796 1344 890 1417 faces
915 1373 923 1414 ι
951 1342 1017 1416 tibi
1041 1344 1181 1415 ducitur
1204 1367 1305 1413 uxor.

334 1465 489 1566 Sparge,
518 1464 671 1553 marite,
697 1485 837 1533 nuces:
866 1459 934 1532 tibi
957 1458 1084 1530 deserit
1104 1457 1283 1552 Hesperus
1302 1457 1443 1533 Oetam.

335 1584 464 1677 Incipe
483 1578 682 1650 Maenalios
701 1601 872 1665 mecum,
904 1600 986 1645 mea
1010 1574 1127 1666 tibia,
1157 1603 1284 1652 versus.

335 1698 373 1770 O
394 1698 504 1796 digno
529 1695 720 1792 conjuncta
739 1691 814 1763 viro
838 1692 845 1759 !
876 1689 967 1760 dum
985 1690 1139 1784 despicis
1164 1718 1316 1787 ornnes,

336 1812 509 1906 Dumque
527 1808 596 1881 tibi
616 1827 669 1880 est
695 1807 784 1878 odio
805 1830 886 1876 mea
906 1805 1049 1894 fistula,
1071 1805 1237 1903 dumque
1256 1816 1439 1911 capellae,

336 1928 597 2019 Hirsutumque
616 1921 873 2018 supercilium,
896 1920 1146 2027 promissaque
1165 1924 1298 1997 barba:

336 2044 411 2116 Nec
431 2066 547 2116 curare
568 2038 679 2111 desim
700 2037 811 2109 credis
829 2037 995 2109 mortalia
1016 2062 1249 2134 quemquam.

335 2162 462 2256 Incipe
482 2156 682 2227 Maenalios
704 2178 876 2244 mecum,
900 2178 982 2225 mea
1000 2152 1116 2244 tibia,
1143 2180 1271 2236 versus,

333 2274 489 2371 Sepibus
513 2274 552 2342 in
576 2271 706 2344 nostris
731 2294 876 2365 parvam
901 2287 937 2340 te
959 2268 1098 2340 roscida
1121 2274 1217 2343 mala

335 2392 446 2486 (Dux
463 2413 530 2487 ego
553 2384 665 2460 veste'r
686 2387 810 2477 eram)
828 2384 904 2454 vidi
924 2409 1008 2456 curn
1032 2405 1143 2458 matre
1162 2390 1354 2488 legentem..

334 2504 433 2579 Alter
452 2504 498 2576 ab
520 2503 720 2574 undecimo
739 2520 819 2573 turn
843 2525 903 2571 me
922 2502 999 2600 jam
1023 2522 1162 2598 ceperat
1185 2530 1299 2578 annus
1310 2537 1324 2587 ι,

330 2621 413 2712 Jam
433 2619 565 2720 fragilis
582 2637 747 2714 poteram
767 2641 788 2686 a
809 2634 897 2687 terra
921 2617 1126 2715 contingere
1147 2645 1275 2693 ramos.

334 2736 384 2810 Ut
405 2737 509 2826 vidi,
531 2754 573 2807 ut
592 2734 710 2830 perii,
735 2750 776 2805 ut
794 2757 856 2804 me
874 2734 993 2803 malus
1012 2732 1158 2807 abstulit
1177 2739 1295 2809 errori

335 2853 463 2947 Incipe
482 2849 681 2922 Maenalios
700 2872 870 2938 mecum,
898 2873 980 2918 mea
998 2848 1109 2940 tibia,
1134 2876 1264 2927 versus.

334 2965 447 3049 Nunc
469 2964 573 3054 scio,
599 2964 688 3060 quid
708 2965 753 3037 sit
774 2962 898 3035 Amor.
929 2964 1028 3038 duris
1053 2966 1091 3035 in
1112 2967 1253 3040 cotibus
1273 2969 1378 3055 illum

335 3079 411 3154 Aut
434 3080 616 3168 Tmaros,
642 3097 703 3150 aut
719 3078 922 3175 Rhodope,
949 3097 1010 3151 aut
1029 3082 1175 3152 extremi
1203 3082 1458 3184 Gemmantes,

335 3195 415 3268 Nec
437 3193 574 3295 generis
594 3193 706 3266 nostri
725 3218 877 3289 puemm
894 3219 962 3266 nec
982 3196 1162 3294 sanguinis
1180 3200 1300 3272 edunt.
1457 3186 1460 3194 ¹

334 3310 464 3408 Incipe
483 3308 682 3380 Maenalios
700 3332 874 3400 mecum,
901 3336 984 3383 mea
1004 3311 1119 3402 tibia,
1143 3338 1271 3388 versus.

333 3425 464 3499 Saevus
482 3424 597 3497 Amor
614 3424 743 3497 docuit·
756 3443 948 3525 gnatonrm
967 3426 1137 3527 sanguine
1155 3451 1308 3516 matrem,

334 3541 595 3614 Conmaculare
611 3564 751 3616 manus.
784 3542 936 3614 crudelis
960 3561 1001 3616 tu
1026 3569 1193 3638 quoque,
1216 3568 1355 3636 mater;

332 3657 496 3730 Crudelis
512 3674 626 3728 mater
646 3656 784 3754 magi-s,
811 3679 859 3727 an
880 3683 968 3753 puer
987 3660 1163 3753 inprobus
1184 3663 1279 3735 ille?

331 3773 518 3869 inprobus
540 3773 602 3842 ille
625 3784 741 3866 p'uer:
768 3770 920 3845 crudelis
939 3792 979 3846 tu
999 3800 1169 3869 quoque,
1192 3796 1312 3850 mater.

332 3889 461 3984 Incipe
479 3887 678 3959 Maenalios
698 3911 870 3977 mecum,
894 3913 977 3960 mea
994 3889 1103 3979 tibia,
1126 3915 1255 3964 versus.

331 4002 441 4075 Nunc
462 4022 499 4076 et
514 4001 591 4073 ovis
611 4003 704 4074 ultro
724 4000 838 4102 fugiat
856 4005 964 4100 lupus
985 4033 993 4073 :
1021 4030 1121 4075 aurea
1141 4005 1255 4078 durae

331 4118 429 4191 Mala
446 4117 560 4190 ferant
579 4141 729 4210 quercus
747 4146 755 4186 ε
780 4119 934 4193 narcisso
956 4118 1080 4194 floreat
1098 4123 1201 4194 alnus
1217 4150 1229 4190 :-

332 4233 485 4333 Pinguia
504 4231 696 4304 corticibus
718 4233 848 4306 sudent
869 4239 994 4308 electra
1014 4237 1193 4332 myricae:

332 4347 478 4421 Certent
498 4367 533 4422 et
557 4348 678 4444 cycnis
695 4349 815 4419 ululae
836 4377 844 4418 ε
874 4351 919 4423 sit
939 4350 1088 4447 Tityrus
1109 4354 1298 4448 Orpheus:

332 4463 500 4557 Orpheus
517 4464 556 4533 in
574 4463 699 4553 silvis,
731 4465 822 4535 inter
841 4464 1030 4560 delphinas
1049 4467 1171 4540 Arion.

334 4579 460 4689 Incipe
480 4578 679 4655 Maenalios
702 4604 875 4671 mecum,
903 4607 984 4654 mea
1003 4582 1111 4676 tibia,
1138 4610 1264 4659 versus.
