3750 6217
433 737 1266 847 AENE1·Dos111.v.424.

252 913 301 986 At
320 909 477 1008 Scyllam
497 914 610 986 caecis
634 913 781 986 cohibet
805 915 976 1008 spelunca
999 914 1164 1007 latebris,

253 1030 326 1100 Ora
344 1045 596 1117 exsertantem,
614 1048 650 1101 et
669 1029 768 1101 navis
788 1029 826 1098 in
845 1052 926 1101 saxa
942 1029 1147 1101 trahentem.

253 1144 373 1215 Prima
391 1143 554 1214 hominis
572 1143 698 1232 facies,
724 1163 761 1216 et
776 1144 928 1239 pulchro
950 1162 1093 1238 pectore
1111 1146 1213 1243 virgo

253 1259 355 1331 Pube
373 1277 477 1330 tenus
501 1286 509 1326 ι
539 1277 723 1354 postrema
743 1259 882 1329 inmani
904 1283 1054 1352 corpore
1072 1261 1214 1355 pristiS,

252 1374 484 1471 Delphinum
505 1375 635 1446 caudas
652 1393 753 1448 utero
775 1374 955 1445 conmissa
975 1375 1159 1467 luporum.

255 1491 408 1561 Praestat
426 1489 599 1560 Trinacrii
620 1507 732 1561 metas
751 1491 893 1560 lustrare
914 1488 1071 1582 Pachyni

255 1605 485 1692 Cessantem‚
507 1605 639 1703 longos
660 1623 696 1676 et
716 1601 989 1675 circumflectere
1010 1627 1153 1697 cursus,

256 1720 381 1825 Quam
400 1722 510 1792 semel
530 1718 726 1789 informem
744 1736 845 1790 vasto
865 1718 996 1790 vidisse
1016 1719 1083 1790 sub
1104 1739 1206 1793 antro

255 1834 434 1930 Scyllam,
459 1853 494 1904 et
511 1834 678 1906 caeruleis
695 1833 847 1905 'canibus
864 1833 1065 1905 resonantia
1086 1861 1177 1908 saxa.

256 1950 455 2039 Praeterea,
477 1951 505 2022 si
525 1974 597 2044 qua
618 1968 671 2020 est
689 1948 831 2019 Heleno
853 1948 1071 2043 pnrdentia,
1097 1952 1167 2022 vati

255 2064 293 2136 Si
312 2091 383 2160 qua
402 2066 513 2155 fides,
539 2065 705 2137 animum
725 2065 754 2136 si
772 2064 862 2135 veris
882 2065 999 2158 inplet
1016 2063 1176 2159 Apollo,

256 2179 382 2251 Unum
401 2181 494 2274 illud
513 2179 607 2269 tibi,
625 2198 708 2251 nate
728 2179 815 2268 dea,
838 2204 981 2273 proque
1004 2179 1176 2252 omnibus
1196 2205 1314 2252 unum

255 2294 485 2376 Praedicam;
511 2315 546 2368 et
564 2313 728 2391 repetens
745 2296 949 2387 iterumque
969 2295 1172 2388 iterumque
1189 2295 1365 2376 monebo.
1464 2348 1467 2354 ·

252 2409 409 2499 Junonis
429 2436 579 2510 magnae
597 2412 759 2505 primum
779 2434 882 2504 prece
903 2434 1040 2480 numen
1061 2408 1189 2486 adora:

253 2525 391 2613 junoni
408 2550 495 2597 cane
514 2545 599 2597 vota
618 2525 756 2615 libens,
779 2524 1045 2617 dominamque
1065 2543 1266 2618 potentem.

257 2637 488 2734 Supplicibus
508 2666 636 2736 supera
654 2639 772 2713 donis.
811 2639 861 2712 sic
881 2640 1040 2734 denique
1057 2640 1175 2715 victor

258 2754 438 2826 Trinacria
454 2757 536 2829 linis
556 2757 668 2830 Italos
686 2757 827 2827 mittere
848 2755 976 2827 relicta.

178 2877 182 2886 '
257 2868 341 2940 Huc
359 2869 425 2940 ubi
442 2871 580 2945 delatus
601 2870 801 2944 Cumaeam
820 2871 1008 2944 adcesseris
1026 2872 1177 2966 urbem,

257 2985 487 3080 Divinosque
505 2989 623 3076 lacus,
645 3005 680 3058 et
697 2985 836 3058 Averna
856 2987 1020 3058 sonantia
1038 2988 1134 3060 silvis
1151 3018 1160 3067 ;

257 3100 430 3173 Insanam
447 3118 565 3172 vatem
585 3101 759 3196 adspicies
779 3130 787 3171 t
818 3127 910 3195 quae
929 3127 1019 3196 rupe
1040 3101 1106 3175 sub
1124 3103 1198 3179 ima

257 3215 288 3285 F
288 3234 344 3287 ata
362 3215 478 3306 canit,
503 3214 675 3310 foliisque
694 3235 798 3290 notas
818 3237 853 3288 et
869 3217 1021 3289 nomina
1040 3218 1198 3289 mandat.

259 3331 526 3436 Quaecumque
542 3331 581 3401 in
593 3325 699 3405 'foliis
719 3331 903 3405 describsit
921 3334 1099 3423 carmina,
1121 3334 1221 3432 virgo

256 3445 395 3544 Digerit
414 3446 455 3516 in
469 3470 692 3537 numemm,
715 3467 823 3542 atque
842 3466 944 3520 antro
967 3451 1100 3520 seclusa
1119 3448 1300 3542 relinquit.

258 3561 326 3631 llla
342 3580 490 3633 manent
507 3564 649 3634 inmota
669 3564 782 3653 locis,
803 3588 924 3657 neque
941 3563 986 3634 ab
1007 3563 1132 3634 ordine
1150 3562 1290 3636 cedunt.

257 3673 396 3748 Verum
417 3677 564 3766 eadem,
586 3702 688 3750 verso
708 3680 829 3751 tenuis
848 3703 966 3772 quom
984 3677 1124 3749 cardine
1141 3695 1269 3750 ventus

259 3790 424 3885 Inpulit,
444 3811 480 3860 et
497 3809 636 3863 teneras
653 3791 808 3865 turbavit
822 3795 933 3891 janua
951 3791 1118 3883 frondes,

258 3905 475 3997 Numquam
495 3903 629 3976 deinde
648 3931 735 3981 cavo
754 3909 941 3981 volitantia
960 3906 1128 4002 prendere
1148 3931 1259 3998 saxo,

259 4018 336 4090 Nec
354 4028 516 4090 revocare
536 4019 647 4110 situs,
667 4040 730 4093 aut
741 4024 889 4122 jungere
908 4023 1065 4094 carmina
1082 4038 1189 4099 curat.
1255 4006 1260 4015 ¹

259 4133 464 4205 Inconsulti
483 4133 640 4224 abeunt,
663 4136 858 4230 sedemque
879 4138 987 4209 odere
1004 4136 1168 4231 Sibyllae.

259 4244 329 4318 Hic
348 4245 415 4318 tibi
434 4272 480 4321 ne
500 4274 573 4343 qua
593 4273 715 4322 morae
731 4249 861 4323 fuerint
881 4252 1068 4346 dispendia
1086 4252 1200 4342 tanti,

260 4362 440 4466 Quamvis
455 4365 669 4460 increpitent
688 4366 800 4456 socii,
821 4385 857 4439 et
875 4368 911 4437 vi
929 4391 1049 4440 cursus
1069 4367 1107 4435 in
1123 4369 1239 4440 altum

260 4475 354 4552 Vela
373 4498 501 4571 vocet,
523 4480 713 4575 possisque
734 4483 833 4555 sinus
852 4483 990 4579 inplere
1010 4482 1207 4571 secundos,

260 4589 366 4697 Quin
384 4593 488 4668 adeas
504 4613 645 4689 vatem,
666 4597 907 4693 precibusque
928 4598 1069 4670 oracula
1088 4620 1237 4690 poscast

1383 771 1459 840 175
