3750 6217
713 774 812 867 36
1259 761 1931 841 ECLOGA
2043 760 2136 833 X.
2255 784 2321 831 V.
2427 768 2558 853 29:

705 938 858 1013 Nec
897 932 1204 1009 lacrimis
1251 931 1552 1003 crudelis
1597 926 1870 1016 Amor,
1914 949 2047 995 nec
2086 926 2399 1023 gramina
2436 924 2597 995 rivis
2623 934 2661 1011 ,“

708 1054 860 1125 Nec
897 1052 1119 1147 cytiso
1169 1064 1551 1120 saturantur
1593 1068 1762 1137 apes
1787 1098 1807 1131 ‚
1854 1066 1985 1112 nec
2024 1036 2278 1111 fronde
2317 1037 2646 1133 capellae.

709 1167 959 1241 Tristis
998 1183 1066 1236 at
1107 1165 1227 1234 ille
1261 1191 1276 1230 ε
1331 1162 1612 1233 Tamen
1648 1157 2010 1230 cantabitis
2034 1211 2055 1245 ‚
2108 1154 2413 1228 Arcades
2437 1210 2459 1245 ‚
2513 1153 2760 1247 inquit
2774 1164 2815 1243 ,‘

709 1280 1090 1357 Montibus
1125 1280 1296 1357 haec
1339 1278 1581 1349 vestris
1614 1307 1630 1354 ;
1678 1275 1815 1346 soli
1848 1292 2119 1344 cantare
2160 1271 2366 1367 periti

713 1397 1034 1471 Arcades.
1112 1419 1156 1464 o
1194 1394 1371 1463 mihi
1413 1412 1569 1464 tum
1615 1417 1835 1486 quarn
1882 1388 2197 1458 molliter
2236 1412 2394 1459 ossa
2429 1387 2803 1481 quiescant
2834 1400 2873 1476 ,'

715 1515 965 1591 Vestra
1003 1535 1210 1581 meos
1248 1510 1431 1581 olim
1481 1510 1536 1580 si
1571 1508 1802 1579 fistula
1836 1505 2022 1575 dicat
2061 1504 2376 1573 amores!

715 1630 953 1723 Atque
986 1628 1258 1698 utinam
1303 1650 1388 1695 ex
1425 1624 1634 1695 vobis
1665 1647 1853 1693 unus
1886 1676 1906 1709 ‚
1953 1619 2303 1711 vestrique
2344 1617 2635 1691 fuissem

715 1746 862 1818 Aut
894 1761 1130 1821 custos
1180 1742 1438 1839 gregis,
1482 1758 1600 1809 aut
1642 1756 1951 1808 maturae
1987 1736 2246 1805 vinitor
2284 1736 2492 1806 uvae!

719 1860 924 1931 Certe
974 1858 1115 1930 sive
1153 1857 1331 1926 mihi
1374 1856 1647 1951 Phyllis
1684 1908 1704 1942 ,
1757 1854 1897 1924 sive
1955 1869 2133 1922 esset
2174 1850 2557 1945 Amynta5‚

722 1974 859 2046 Seu
898 1975 1336 2068 quicumque
1382 1971 1576 2045 furor
1600 2025 1621 2060 ‚
1670 1969 1897 2064 (quid
1932 1986 2089 2039 turn
2122 2022 2141 2057 ‚
2184 1967 2241 2038 si
2288 1966 2523 2040 fuscus
2557 1964 2981 2066 Amyntas?

723 2091 812 2161 Et
853 2090 1087 2187 nigrae
1123 2087 1356 2157 violae
1401 2102 1563 2157 sunt
1593 2140 1614 2174 ‚
1679 2102 1749 2155 et
1791 2081 2101 2155 vaccinia
2135 2084 2329 2182 nigra
2361 2085 2388 2177 )

723 2204 1015 2276 Mecum
1055 2202 1234 2272 inter
1286 2201 1527 2272 salices
1574 2201 1764 2271 lenta
1816 2200 1949 2272 sub
1991 2199 2130 2270 vite
2162 2202 2435 2298 jaceret.

725 2319 914 2391 Serta
955 2317 1136 2387 mihi
1178 2315 1449 2411 Phyllis
1489 2318 1745 2413 legeret
1771 2371 1792 2406 ‚
1846 2334 2150 2387 cantaret
2194 2313 2561 2411 Amyntas.

727 2430 864 2506 Hic
908 2432 1123 2533 gelidi
1161 2430 1398 2503 fontes
1450 2460 1464 2498 ε
1521 2425 1636 2502 hic
1683 2432 1939 2502 mollia
1980 2450 2174 2526 prata
2203 2485 2224 2520 ‚
2284 2430 2580 2527 Lycori:

726 2545 864 2620 llic
908 2571 1166 2619 nemus
1206 2574 1220 2613 ι
1275 2540 1388 2617 hic
1429 2547 1588 2641 ipso
1626 2567 1865 2618 tecum
1910 2572 2360 2619 consumerer
2397 2570 2591 2618 aeVO.

729 2665 944 2735 Nunc
987 2664 1275 2741 insanus
1314 2688 1516 2733 amor
1554 2662 1712 2732 duri
1747 2679 1817 2733 te
1857 2662 2102 2735 Martis
2142 2663 2217 2733 in
2256 2663 2468 2733 armis
2499 2716 2520 2751 ‚

731 2780 910 2850 Tela
952 2779 1132 2848 inter
1181 2776 1420 2847 media
1454 2832 1475 2866 ‚
1526 2795 1742 2871 atque
1786 2778 2117 2852 adversos
2167 2778 2434 2850 detinet
2472 2778 2731 2850 hosteS.

730 2896 852 2965 Tu
886 2896 1141 2989 procul
1176 2918 1214 2962 a
1253 2894 1475 2986 patria
1525 2897 1551 2988 (
1579 2919 1709 2965 nec
1758 2895 1845 2965 sit
1880 2894 2059 2963 mihi
2096 2893 2369 2965 credere
2412 2912 2695 2969 tantum
2725 2895 2742 2963 ἔ
2773 2894 2803 2989 )

731 3011 1074 3106 Alpinas,
1128 3010 1217 3079 ah
1260 3010 1475 3098 dura,
1531 3010 1728 3082 nives
1776 3030 1844 3081 et
1878 3008 2129 3107 frigora
2167 3009 2399 3081 Rheni

733 3126 856 3197 Me
900 3129 1050 3198 sine
1097 3126 1249 3197 sola
1289 3126 1506 3198 vides.
1595 3127 1682 3195 ah
1733 3146 1803 3198 te
1845 3153 1937 3197 ne
1984 3125 2235 3225 frigora
2281 3125 2609 3198 laedant!

734 3241 846 3313 Ah
891 3242 1021 3311 tibi
1072 3266 1164 3309 ne
1204 3246 1475 3319 ten‘eras
1519 3242 1773 3337 glacies
1821 3262 2005 3313 secet
2054 3266 2294 3337 aspera
2340 3243 2664 3336 plantas!

737 3356 877 3427 Ibo
910 3408 931 3441 ‚
979 3372 1049 3424 et
1103 3353 1514 3423 Chalcidico
1564 3379 1746 3447 quae
1803 3374 1968 3426 sunt
2016 3357 2197 3426 mihi
2252 3358 2539 3428 condita
2578 3380 2781 3429 versu

740 3468 1118 3554 Carmina,
1169 3470 1469 3560 pastoris
1509 3466 1726 3537 Siculi
1771 3471 2210 3543 modulabor
2252 3498 2491 3545 avena.

742 3584 1035 3653 Certum
1076 3600 1179 3652 est
1218 3588 1294 3650 in
1336 3580 1526 3654 silvis
1550 3637 1571 3672 ,
1621 3583 1801 3654 inter
1841 3586 2118 3680 spelaea
2158 3586 2461 3659 ferarum

741 3699 962 3773 Malle
1011 3696 1160 3791 pati
1198 3750 1219 3787 ‚
1271 3697 1669 3793 tenerisque
1713 3723 1919 3773 meos
1960 3702 2267 3776 incidere
2309 3727 2589 3775 amores

741 3812 1134 3887 Arboribus
1173 3841 1186 3887 z
1238 3832 1547 3889 crescent
1591 3815 1753 3885 illae
1794 3845 1808 3884 :
1869 3819 2227 3907 crescetis,
2268 3845 2566 3895 amoreS.
