3750 6217
798 419 813 464 ,Ι

530 730 985 807 Aruernos
1044 732 1092 806 v.
1151 759 1186 808 v.
1236 740 1327 814 sss.
1469 760 1546 832 213

318 905 457 1011 ‘Quem
477 887 590 997 petit',
613 919 648 973 et
666 901 821 973 summis
840 899 994 973 adnixus
1009 898 1144 973 viribus
1164 919 1273 999 urget.

331 1022 433 1091 Tum
453 1043 537 1089 vero
559 1018 760 1116 ingeminat
780 1017 934 1107 clamor,
956 1018 1149 1111 cunctique
1168 1038 1383 1111 sequentem

331 1138 510 1234 Instigant
530 1133 675 1224 studiis,
698 1152 913 1228 resonatque
932 1131 1132 1232 fragoribus
1149 1133 1275 1205 aether.

333 1253 383 1325 Hi
403 1253 592 1347 proprium
613 1250 725 1324 decus
743 1268 779 1323 et
798 1267 942 1346 partum
963 1249 1196 1348 indignantur
1213 1250 1394 1323 honorem
1497 1320 1501 1325 .

334 1369 384 1439 Ni
405 1386 572 1457 teneant,
595 1366 783 1461 vitamque
802 1369 935 1438 volunt
954 1391 1022 1461 pro
1042 1365 1149 1436 laude
1169 1367 1320 1462 pacisci:

333 1485 416 1557 Hos
437 1507 617 1557 successus
635 1484 718 1563 alit;
743 1500 920 1578 possunt,
944 1483 1030 1574 quia
1049 1506 1158 1577 posse
1178 1481 1355 1556 videntur.

335 1603 382 1674 Et
401 1601 475 1672 fors
495 1600 653 1694 aequatis
673 1600 851 1694 cepissent
868 1599 1029 1693 praemia
1048 1599 1190 1669 rostris:

334 1718 406 1807 Ni,
427 1718 568 1811 palmas
587 1733 707 1810 ponto
727 1714 876 1786 tendens
896 1729 1083 1819 utrasque,
1105 1712 1307 1788 Cloanthus

335 1834 573 1924 Fudissetque
590 1855 728 1926 preces,
751 1830 930 1924 divosque
952 1830 991 1899 in
1009 1848 1093 1902 vota
1109 1829 1284 1903 vocallet:

335 1948 419 2039 Dii,
441 1945 572 2042 quibus
592 1947 790 2042 imperium
811 1964 864 2019 est
883 1946 1025 2044 pelagi,
1050 1971 1210 2040 quorum
1230 1972 1389 2041 aequora
1407 1973 1530 2041 curro,

244 2074 249 2083 '
335 2063 456 2137 Vobis
476 2065 589 2136 laetus
608 2088 676 2162 ego
696 2065 769 2134 hoc
790 2063 1006 2135 candentem
1026 2063 1064 2132 in
1085 2061 1191 2134 litore
1210 2079 1353 2138 taurum

337 2179 565 2253 Constituam
586 2194 667 2251 ante
684 2205 759 2253 aras
776 2180 855 2252 voti
872 2203 972 2268 reus,
999 2195 1153 2273 extaque
1174 2181 1287 2253 salsos

334 2296 531 2368 Porriciam
552 2295 590 2366 in
609 2293 762 2386 fluctus,
784 2313 820 2367 et
837 2294 922 2367 vina
941 2295 1117 2389 liquentia
1136 2293 1300 2370 fundam.

334 2412 459 2502 Dixit,
485 2436 647 2505 eumque
666 2413 752 2486 imis
770 2410 839 2485 sub
856 2409 1028 2485 fluctibus
1044 2411 1160 2485 audiit
1180 2415 1304 2487 omnis

335 2525 535 2600 Nereidum
555 2528 760 2623 Phorcique
777 2528 907 2601 chorus
933 2557 942 2633 ξ
973 2526 1217 2623 Panopeaque
1233 2529 1358 2632 virgo,

337 2641 384 2716 Et
403 2663 504 2739 pater
517 2645 601 2740 ipse
621 2669 735 2716 manu
752 2668 885 2744 magna
904 2643 1086 2716 Portunus
1104 2662 1253 2717 euntem

338 2758 491 2854 Inpulit.
531 2761 595 2830 illa
614 2761 715 2834 Noto
737 2760 842 2832 citius
860 2760 1073 2852 volucrique
1091 2761 1218 2858 sagitta
1365 2836 1375 2843 ,

340 2871 400 2944 Ad
420 2893 546 2979 terram
565 2874 679 2975 sugit,
702 2893 737 2947 et
755 2891 866 2971 portu
885 2898 924 2948 se
942 2874 1110 2947 condidit
1129 2878 1215 2947 alto.
1328 2910 1331 2923 ·

339 2982 443 3065 Turn
464 3008 558 3062 satus
577 2990 756 3079 Anchisa,
782 2991 920 3064 cunctis
938 3013 984 3061 ex
1002 3014 1106 3061 more
1122 2991 1284 3083 vocatis,

339 3103 530 3178 Victorem
550 3130 683 3205 magna
701 3107 889 3202 praeconis
906 3130 998 3177 voce
1016 3104 1240 3178 Cloanthum
1292 3127 1297 3133 ·

341 3217 529 3311 Declarat‚
551 3223 729 3316 viridique
745 3221 884 3294 advelat
901 3240 1068 3317 tempora
1087 3223 1208 3294 lauro:

340 3336 566 3430 Muneraque
585 3339 624 3408 in
644 3339 746 3433 navis
763 3361 884 3411 ternos
905 3355 1028 3433 optare
1039 3340 1236 3436 juvencos,

341 3450 529 3548 Vinaque,
552 3477 588 3527 et
606 3454 741 3552 argenti
759 3478 936 3553 magnum
954 3453 1015 3524 dat
1033 3452 1121 3526 ferre
1139 3457 1324 3528 talentum.

341 3569 437 3663 Ipsis
455 3571 667 3666 praecipuos
687 3569 899 3643 ductoribus
919 3569 1021 3641 addit
1039 3571 1218 3644 honores:

340 3681 483 3756 Victori
503 3684 733 3781 chlamydem
754 3703 928 3776 auratam,
955 3688 1244 3782 quamplurima
1264 3688 1399 3762 circum

340 3799 503 3894 Purpura
522 3799 718 3874 Maeandro
739 3801 880 3897 duplici
899 3801 1081 3875 Meliboea
1099 3804 1272 3875 cucurrit:

342 3916 581 4009 intextusque
600 3942 690 4013 puer
708 3915 882 3992 frondosa
899 3920 1017 4018 regius
1037 3919 1105 3990 Ida

343 4029 500 4103 Veloces
513 4035 638 4130 jaculo
657 4058 779 4107 cervos
798 4058 974 4128 cursuque
994 4034 1116 4134 fatigat

342 4143 459 4238 Acer,
481 4149 662 4221 anhelanti
683 4149 809 4222 similis
833 4178 841 4219 :
872 4175 984 4244 quem
1002 4177 1151 4248 praepes
1170 4151 1215 4223 ab
1233 4153 1352 4225 aethra

344 4261 549 4336 Sublimem
565 4265 724 4362 pedibus
741 4268 860 4361 rapuit
874 4265 978 4355 Jovis
997 4270 1147 4368 armiger
1162 4269 1271 4341 uncis.

344 4379 528 4480 Longaevi
549 4380 688 4483 palmas
705 4383 958 4478 nequidquam
977 4385 1024 4455 ad
1044 4385 1156 4457 sidera
1172 4385 1327 4465 tendunt

346 4495 526 4572 Custodes
545 4529 553 4569 τ
584 4503 766 4594 saevitque
786 4525 918 4585 canum
937 4504 1081 4575 latratus
1100 4503 1139 4572 in
1156 4526 1264 4575 auras.

259 4674 267 4689 ,
345 4611 416 4707 At,
443 4617 509 4711 qui
529 4615 660 4702 deinde
677 4621 804 4693 locum
822 4619 939 4694 tenuit
956 4618 1084 4697 virtute
1104 4619 1326 4714 secundum,

1169 4739 1189 4789 a
