3750 6217
535 693 865 783 AENEI'D
894 697 984 773 O'S
1041 700 1088 774 X.
1148 722 1180 775 v.
1233 702 1324 778 aad.
1429 718 1541 794 ·34²

332 851 435 936 Pone
455 889 609 958 sequens
628 866 749 941 dextra
768 861 928 960 puppim
946 880 1061 953 tenet,
1084 863 1235 958 ipsaque
1254 864 1363 936 dorso

331 981 496 1069 Eminet,
524 1006 564 1060 ac
584 983 683 1052 laeva
701 981 816 1054 tacitis
836 976 1055 1072 subremigat
1072 979 1189 1051 undis.
1242 974 1248 986 ⁶

334 1096 435 1167 Tum
454 1095 504 1168 sic
522 1096 686 1193 ignarum
706 1093 916 1210 adloquitur
942 1119 950 1160 ι
980 1090 1191 1191 Vigllasne,
1218 1093 1329 1166 desim
1349 1117 1461 1193 gens,

332 1210 453 1282 Aenea
475 1212 492 1280 ἓ
521 1210 652 1308 vigila,
676 1230 714 1284 et
731 1211 822 1282 uelis
840 1205 983 1279 inmitte
1002 1207 1179 1281 rudentes.

332 1325 412 1398 Nos
431 1350 555 1398 sumus
573 1325 701 1398 Idaeae
719 1349 817 1412 sacro
839 1323 885 1392 de
902 1324 1031 1394 venice
1051 1324 1183 1418 pinus,

335 1440 443 1511 Nunc
462 1442 580 1538 pelagi
601 1440 817 1535 Nymphae,
836 1437 955 1510 classis
974 1456 1043 1515 tua.
1086 1438 1243 1533 perfidus
1261 1425 1304 1511 ut
1320 1461 1390 1538 nos

336 1554 547 1649 Praecipites
566 1553 659 1625 ferro
679 1554 836 1625 Rutulus
851 1551 1074 1644 flammaque
1093 1553 1303 1647 premebat,

334 1666 517 1763 Rupimus
537 1670 669 1740 invitae
689 1689 749 1741 tua
768 1669 934 1756 vincula,
954 1686 1064 1760 teque
1080 1694 1144 1761 per
1161 1694 1297 1761 aequor

335 1783 563 1890 Quaerimus.
605 1785 698 1856 hanc
717 1783 889 1856 Genetrix
905 1780 1034 1854 faciem
1054 1783 1218 1863 miserata
1235 1783 1380 1875 reiecit,
1417 1810 1426 1827 ’

334 1898 382 1972 Et
401 1898 502 1969 dedit
521 1922 596 1971 esse
613 1898 722 1988 deas,
747 1923 952 1990 aevomque
972 1897 1099 1995 agitare
1115 1899 1184 1970 suh
1203 1899 1320 1973 undis.

291 1997 293 2001 ’
334 2012 383 2084 At
401 2038 490 2107 puer
509 2012 683 2088 Ascanius
701 2039 805 2085 muro
826 2011 1004 2107 fossisque
1023 2031 1162 2085 tenetur

334 2124 425 2208 Tela
446 2128 537 2199 inter
555 2128 676 2199 media
695 2147 804 2222 atque
820 2129 995 2200 horrentis
1010 2127 1123 2200 Marte
1145 2128 1303 2224 Latinos,

331 2241 415 2331 Jam
434 2244 514 2313 loca
529 2235 627 2341 jussa
646 2262 770 2316 tenent
788 2240 872 2314 forti
892 2244 1091 2337 permixtus
1113 2243 1261 2318 Etnrsco

333 2356 442 2432 Arcas
462 2380 581 2450 eques.
621 2359 759 2430 medias
777 2358 846 2429 illis
867 2367 1056 2451 opponere
1075 2377 1228 2448 turmas,

335 2471 391 2541 Ne
411 2472 530 2543 castris
544 2474 720 2570 jungant,
742 2490 834 2544 certa
852 2490 905 2543 est
922 2473 1097 2545 sententia
1117 2471 1257 2545 Turno.

335 2584 443 2683 Surge
465 2612 550 2685 age,
572 2606 607 2659 et
626 2586 763 2659 Aurora
783 2587 900 2659 socios
920 2587 1085 2660 veniente
1102 2588 1220 2660 vocari

335 2700 477 2772 Primus
496 2702 535 2771 in
552 2728 650 2772 arma
662 2702 771 2800 jube;
794 2721 833 2774 et
849 2701 1012 2794 clipeum
1029 2725 1135 2795 cape,
1153 2727 1264 2795 quem
1285 2705 1386 2780 dedit
1406 2710 1483 2805 ipse

335 2815 518 2884 Invictum
540 2816 774 2914 Ignipotens,
797 2835 906 2908 atque
925 2841 1004 2888 oras
1021 2816 1150 2890 ambiit
1167 2842 1265 2889 auro.

335 2927 495 2999 Crastina
514 2931 599 3019 lux,
619 2955 701 3000 mea
722 2931 751 3001 si
768 2955 846 3001 non
866 2929 969 3000 inrita
990 2931 1084 3002 dicta
1105 2931 1260 3024 putaris,

335 3043 496 3141 Ingentis
514 3043 668 3116 Rutulae
688 3046 862 3138 spectabit
879 3045 997 3126 caedis
1015 3068 1169 3118 acervos.

334 3156 481 3228 Dixerat
503 3188 510 3226 :
541 3177 576 3231 et
596 3161 716 3231 dextra
734 3159 922 3234 discedens
941 3159 1074 3254 inpulit
1094 3162 1223 3261 altam,
1248 3187 1260 3207 ·
1373 3156 1375 3176 '

336 3272 444 3343 Haud
463 3273 581 3371 ignara
596 3275 724 3363 modi,
753 3277 923 3372 puppim.
960 3273 1052 3373 fugit
1072 3276 1133 3351 illa
1152 3301 1216 3370 per
1231 3276 1345 3354 undas

335 3388 448 3459 Ocior
466 3407 500 3459 et
513 3391 660 3487 jaculo,
687 3410 723 3462 et
740 3409 870 3464 ventos
886 3410 1065 3484 aequante
1086 3390 1218 3488 sagitta.

335 3503 427 3574 lnde
445 3504 535 3574 aliae
555 3507 708 3577 celerant
727 3530 858 3578 cursus.
896 3523 1016 3601 stupet
1035 3505 1168 3577 inscius
1185 3507 1264 3600 ipse

335 3617 428 3690 Tros
448 3615 707 3693 Anchisiades:
738 3620 882 3693 animos
900 3639 1023 3692 tamen
1044 3622 1169 3692 omine
1186 3623 1292 3694 tollit.

334 3730 435 3802 Tum
454 3731 624 3825 breviter,
646 3760 774 3830 supera
793 3734 1004 3829 adspectans
1024 3759 1206 3824 convexa,
1228 3757 1408 3829 precatur:

391 3844 501 3915 Alma
518 3871 649 3941 parens
665 3849 775 3922 Idaea
790 3850 925 3939 deum,
948 3851 1005 3923 cui
1025 3849 1214 3943 Dindyma
1230 3852 1347 3940 cordi,

335 3956 615 4056 Turrigeraeqne
633 3962 757 4052 urbes,
781 3964 969 4065 bijugiquq
988 3965 1038 4038 ad
1051 3964 1151 4043 frena
1168 3966 1292 4037 leones
1307 3995 1316 4045 ;

334 4074 396 4143 Tu
413 4074 505 4150 mihi
525 4097 623 4147 nunc
643 4100 785 4172 pugnae
802 4079 995 4172 princeps,
1016 4097 1057 4151 tu
1077 4079 1142 4156 rite
1161 4081 1389 4176 propinques

334 4185 560 4285 Augurium,
583 4188 857 4288 Phrygibusque
874 4193 971 4266 adsis
990 4195 1102 4288 pede,
1123 4194 1228 4283 diva,
1247 4199 1418 4291 secundo.

392 4302 555 4374 Tantum
573 4301 697 4377 effatus
718 4331 728 4374 t
757 4322 792 4378 et
808 4306 940 4379 interea
959 4312 1120 4382 revoluta
1139 4311 1269 4393 ruebat

335 4417 473 4489 Matura
487 4419 565 4517 jam
586 4420 665 4490 luce
683 4418 784 4508 dies,
802 4422 1186 4524 noctemquefugarat.

336 4530 519 4629 Principio
541 4534 653 4617 sociis
666 4533 797 4632 edicit,
823 4534 922 4637 sigua
942 4557 1153 4635 scquanttu,
