3750 6217
503 714 952 802 taurinos
1009 721 1109 794 111.
1166 696 1348 818 siqu
1455 741 1536 833 ιη

330 891 387 963 Sic
406 891 558 978 oculos,
582 889 632 962 sic
651 889 713 961 ille
732 892 887 980 nia‘nus,
911 891 960 963 sic
980 906 1042 961 ora
1056 888 1210 961 ferebat:

331 1006 378 1080 Et
398 1030 494 1076 nunc
514 1005 655 1099 aequali
673 1025 794 1079 tecum
815 1007 1025 1102 pubesceret
1043 1030 1141 1077 aevo.

389 1119 469 1192 Hos
489 1144 556 1218 ego
577 1121 779 1220 digrediens
796 1123 951 1193 lacrimis
967 1119 1110 1192 adfabar
1130 1120 1285 1203 obortis:

330 1232 453 1310 Visite
470 1225 613 1327 felices,
640 1237 774 1330 quibus
794 1257 848 1309 est
866 1236 1010 1339 fortuna
1027 1256 1166 1331 peracta

328 1348 414 1444 Jam
434 1374 524 1424 sua:
555 1376 623 1424 nos
642 1353 710 1424 alia
731 1376 774 1424 ex
794 1353 873 1425 aliis
891 1345 932 1422 in
951 1349 1020 1427 sata
1040 1376 1218 1424 vocamur.

333 1468 453 1541 Vobis
471 1486 570 1562 parta
588 1468 691 1561 quies
710 1497 718 1537 ι
748 1470 892 1542 nullum
911 1469 1018 1539 maris
1035 1492 1170 1559 aequor
1185 1466 1380 1540 arandum}

333 1583 425 1656 Arva
442 1607 562 1676 neque
580 1583 784 1674 Ausoniae,
807 1594 946 1677 semper
965 1583 1124 1655 cedentia
1139 1603 1253 1671 reno,

335 1697 561 1803 Quaerenda.
599 1699 753 1798 effigiem
773 1698 907 1768 Xanthi
926 1696 1148 1790 Troiamque
1166 1697 1319 1789 videtis,

335 1812 460 1918 Quam
475 1831 607 1886 vestrae
627 1812 746 1909 fecere,
760 1828 916 1902 ananus,
939 1812 1168 1902 melioribus,
1197 1832 1307 1908 opto,

334 1923 532 2022 Auspiciis;
552 1948 586 1999 et
606 1954 697 2022 quae
717 1927 821 2000 fuerit
838 1929 959 2001 minus
978 1928 1085 1999 obvia
1106 1926 1229 2000 Graiis.
1377 2010 1384 2022 ,

334 2039 370 2115 Si
388 2043 732 2139 quando-Thybrim
744 2098 754 2133 ,
767 2045 966 2138 ¹uicinaque
981 2041 1175 2139 Thybridis
1193 2040 1272 2115 arva

334 2159 494 2247 Intraro,
515 2160 684 2257 gentique
704 2184 807 2231 meae
828 2160 909 2231 data
925 2159 1072 2238 moenia
1092 2180 1254 2240 cernam3

334 2272 515 2372 Cognatas
533 2274 639 2347 urbes
660 2277 774 2365 olim,
792 2277 1028 2370 populosque
1044 2273 1296 2368 propinquos,

336 2387 472 2485 Epiro,
494 2389 686 2485 Hesperia,
714 2389 847 2485 quibus
866 2385 965 2461 idem
985 2389 1171 2461 Dardanus
1187 2395 1310 2462 auctor
1317 2432 1331 2481 ,

333 2494 453 2598 Atque
472 2505 572 2577 idem
591 2514 713 2596 casus,
736 2518 847 2591 unam
865 2504 1036 2577 faciemus
1054 2523 1242 2598 utramque

335 2610 485 2691 Troiam
504 2623 643 2692 animis.
681 2634 824 2692 maneat
842 2612 983 2691 nos'tros
1003 2645 1042 2692 ea
1061 2636 1140 2690 cura
1160 2639 1320 2714 nepotes,

392 2733 624 2820 Provehimur
643 2738 772 2835 pelago
793 2736 910 2806 vicina
930 2732 1104 2806 Ceraunia
1119 2736 1238 2833 juxtai

335 2848 441 2921 Unde
461 2851 525 2922 iter
544 2852 709 2942 Italiam,
735 2864 927 2944 cursusque
946 2847 1173 2921 brevissimus
1191 2850 1309 2935 undist

334 2963 399 3036 Sol
418 2967 488 3036 ruit
509 2967 665 3054 interea,
689 2985 724 3038 et
742 2976 887 3038 montes
906 2965 1116 3035 umbrantur
1137 2964 1253 3058 opaci.

334 3076 532 3150 Sternimur
554 3099 695 3174 optatae
713 3080 848 3179 gremio
865 3079 1000 3152 telluris
1018 3064 1063 3178 ad
1081 3075 1244 3167 undam,

333 3192 455 3266 Sortiti
475 3220 617 3286 remor,
638 3197 846 3292 passimque
864 3197 903 3266 in
923 3188 1026 3266 litore
1046 3194 1139 3266 sicco

335 3307 499 3407 Corpora
518 3316 692 3384 curamus.
728 3294 843 3384 fessos
860 3326 972 3405 sopor
988 3294 1114 3406 inrigat
1132 3324 1236 3381 artua

335 3416 504 3496 Necdum
526 3425 651 3496 orbem
668 3427 834 3498 medium
853 3423 939 3497 Nox
958 3426 1065 3496 Horis
1085 3428 1161 3496 acta
1180 3423 1347 3511 subibatt

332 3537 444 3610 Haud
463 3541 579 3639 segnis
596 3559 702 3613 strato
722 3542 831 3640 surgit
849 3539 1056 3630 Palinunrs,
1077 3558 1112 3612 et
1133 3541 1255 3612 omnis

334 3651 506 3749 Explorat
521 3651 667 3746 ventos,
697 3674 806 3751 atque
824 3656 968 3730 auribus
985 3666 1063 3744 afera
1082 3674 1200 3752 captat
1216 3684 1225 3725 r

334 3765 454 3841 Sidera
473 3790 600 3843 cuncta
619 3789 721 3844 notat
738 3760 846 3843 tacito
866 3766 1021 3845 labentia
1042 3773 1170 3860 coelo,

334 3876 545 3974 Arcturum,
571 3887 785 3981 pluviasque
803 3886 972 3982 Hyadas,
994 3888 1233 3985 geminosque
1251 3869 1433 3987 Triones,

334 3991 597 4092 Annatumque
618 4020 703 4072 auro
724 4003 965 4097 circumspicit
983 4002 1130 4073 Oriona.

292 4168 297 4173 .
335 4100 537 4207 Postquam
558 4134 685 4186 cuncta
702 4117 800 4189 videt
819 4121 922 4190 coelo
942 4138 1102 4192 constare
1123 4139 1268 4199 sereno;

334 4224 406 4300 Dat
422 4230 557 4300 clarum
574 4256 594 4300 e
611 4231 731 4326 puppi
752 4234 895 4332 signum
919 4260 927 4303 r
957 4254 1026 4307 nos
1044 4253 1152 4307 castra
1169 4251 1386 4346 movemus,
1443 4298 1447 4305 .

334 4337 609 4441 Tentamusque
627 4347 745 4437 viam,
769 4366 805 4420 et
822 4352 986 4423 velorum
1006 4352 1203 4445 pandimus
1218 4354 1300 4426 alas.

330 4451 486 4554 Jamque
506 4460 714 4536 rubescebat
733 4465 844 4538 stellis
862 4463 999 4540 Aurora
1018 4466 1170 4566 fugatis,

335 4570 464 4678 Quom
481 4580 610 4672 procul
629 4579 801 4659 obscuros
820 4582 925 4658 collis
943 4576 1196 4678 humilemque
1205 4581 1380 4681 ,videmur
1502 4652 1507 4657 .
