3750 6217
705 702 808 775 94
1041 670 2077 754 GEORGICON
2198 668 2358 753 lv.
2472 680 2783 769 v.61.,

703 844 1252 938 Contemplator
1296 872 1312 911 z
1370 868 1593 937 aquas
1632 843 1864 916 dulcis
1889 900 1909 934 ,
1970 862 2038 915 et
2078 843 2373 918 frondea
2416 868 2701 939 semper

704 956 928 1033 Tecta
974 976 1245 1054 petunt.
1319 954 1460 1031 huc
1497 976 1575 1030 tu
1603 961 1840 1058 jussos
1877 960 2213 1057 adsperge
2259 984 2591 1054 saporeS,

704 1070 905 1171 Trita
934 1072 1392 1170 melisphylla
1421 1130 1444 1163 ,
1485 1093 1556 1146 et
1599 1068 1949 1146 cerinthae
1988 1072 2308 1173 ignobile
2352 1089 2677 1173 gramen}

704 1190 1190 1282 Tinnitusque
1226 1189 1371 1278 cie,
1413 1209 1483 1262 et
1517 1190 1763 1262 Matris
1802 1208 2013 1284 quate
2052 1186 2379 1286 cymbala
2418 1182 2709 1265 circum.

705 1299 914 1403 Ipsae
956 1298 1333 1377 consident
1369 1296 1741 1377 medicatis
1781 1296 2067 1378 sedibus
2113 1334 2128 1374 :
2190 1300 2385 1401 ipsae

708 1422 974 1492 Intima
1015 1444 1218 1490 more
1257 1445 1388 1491 suo
1427 1444 1574 1493 sese
1615 1418 1690 1490 in
1733 1415 2085 1492 cunabula
2123 1421 2457 1493 condent.

707 1536 835 1607 Sin
865 1552 1104 1607 autern
1139 1532 1230 1606 ad
1272 1561 1591 1634 pugnam
1633 1533 1969 1616 exierint}
2008 1560 2181 1607 nam
2218 1562 2427 1633 saepe
2460 1530 2754 1612 duobus

704 1646 1026 1751 Regibus
1061 1650 1345 1723 incessit
1384 1666 1650 1749 magno
1697 1648 2050 1724 discordia
2084 1668 2336 1724 motui

709 1766 1228 1860 Continuoque
1279 1767 1562 1838 animos
1601 1760 1799 1865 ‘volgi
1847 1782 1918 1839 et
1956 1767 2377 1863 trepidantia
2420 1767 2617 1840 bello

709 1882 947 1954 Corda
991 1883 1159 1953 licet
1201 1881 1417 1980 longe
1458 1882 1913 1976 praesciscere
1952 1900 1967 1951 ὲ
2026 1902 2345 1977 namque
2379 1883 2727 1957 morantis

698 1994 1006 2071 'Martius
1051 1997 1174 2067 ille
1219 1997 1390 2069 aeris
1426 1997 1615 2069 rauci
1666 2021 1882 2068 canor
1922 1995 2242 2094 increpat
2266 2053 2287 2089 ‚
2330 2017 2401 2071 et
2438 2022 2586 2069 vox

707 2108 1014 2186 Auditur
1055 2110 1307 2184 fractos
1351 2113 1627 2185 sonitus
1663 2110 1933 2184 imitata
1971 2114 2321 2186 tubarum.

708 2224 911 2301 Turn
954 2214 1266 2322 trepidae
1306 2210 1484 2299 inter
1523 2250 1595 2300 se
1631 2239 1933 2318 coeunt,
1971 2231 2376 2324 pennisque
2414 2248 2827 2321 coruscant,

707 2346 1135 2442 Spiculaque
1166 2354 1518 2414 ‘exacuunt
1553 2343 1791 2416 rostris
1812 2398 1834 2432 ‚
1877 2361 2267 2439 aptantque
2300 2348 2592 2417 lacertos
2615 2399 2637 2435 ‚

707 2460 803 2534 Et
831 2460 1005 2531 circa
1043 2478 1280 2557 regem
1315 2468 1530 2552 atque
1569 2459 1723 2554 ipsa
1761 2453 1854 2529 ad
1893 2462 2239 2554 praetoria
2277 2460 2537 2533 densae

707 2568 1131 2674 Miscentur,
1172 2574 1595 2673 magnisque
1631 2592 1894 2646 vocant
1931 2576 2361 2648 clamoribus
2398 2576 2703 2648 hostem.

707 2692 895 2791 Ergo
921 2747 941 2781 ‚
981 2678 1110 2761 ubi
1145 2712 1268 2760 ver
1303 2707 1548 2761 nactae
1585 2689 1850 2762 sudum
1892 2714 2339 2786 camposque
2386 2690 2692 2785 patentis
2713 2743 2737 2781 ‚

708 2804 1118 2903 Erumpunt
1153 2805 1420 2900 portis3
1474 2805 1954 2885 concurritur}
2002 2808 2273 2877 aethere
2310 2804 2384 2876 in
2426 2808 2572 2876 alto

707 2914 823 2995 F'it
857 2922 1128 2996 sonitus
1154 2975 1175 3011 ‚
1217 2935 1568 3020 magnum
1599 2922 1864 2992 mixtae
1897 2923 2378 3019 glomerantur
2417 2921 2490 2990 in
2540 2920 2795 2990 orbern
2816 2972 2842 3009 ,

709 3034 1275 3132 Praecipitesque
1314 3035 1596 3110 cadunt.
1677 3056 1832 3107 non
1864 3030 2151 3108 densior
2185 3048 2337 3106 aere
2380 3035 2687 3134 grandO,

707 3152 861 3225 Nec
892 3152 983 3222 tle
1018 3176 1358 3224 concussa
1389 3169 1669 3223 tantum
1712 3152 1902 3246 pluit
1940 3146 2095 3223 ilice
2136 3151 2431 3250 glandis·

707 3262 863 3363 Ipsi
900 3292 1026 3361 per
1063 3266 1337 3337 medias
1377 3268 1559 3338 acies
1584 3316 1607 3355 .,
1661 3256 2058 3364 insignibus
2098 3260 2264 3357 alis,

709 3380 1031 3481 Ingentis
1064 3376 1344 3451 animos
1382 3399 1684 3479 angusto
1724 3380 1799 3452 in
1833 3400 2120 3476 pectore
2157 3399 2437 3454 versant
2462 3434 2485 3471 ,

706 3490 957 3590 Usque
991 3485 1171 3566 adeo
1211 3494 1462 3565 obnixi
1495 3520 1649 3566 non
1690 3490 1935 3569 cedere
1958 3553 1980 3587 ‚
2026 3496 2207 3568 dum
2242 3497 2466 3597 gravis
2499 3516 2622 3571 aut
2659 3496 2877 3588 hos,-

704 3608 855 3683 Aut
889 3610 1027 3682 hos
1061 3632 1254 3681 versa
1285 3606 1452 3709 fuga
1480 3612 1708 3682 victor
1744 3611 1909 3682 dare
1943 3630 2133 3710 terga
2172 3611 2470 3712 subegit.

703 3719 808 3799 Hi
847 3744 1094 3798 rnotus
1132 3726 1539 3797 animorum
1578 3742 1794 3819 atque
1831 3727 2004 3799 haec
2040 3728 2419 3800 certamina
2454 3746 2653 3800 tanta

707 3842 1024 3915 Pulveris
1063 3841 1298 3941 exigui
1327 3845 1522 3941 jactu
1556 3866 1934 3936 conpressa
1975 3842 2357 3937 quiescent.
