3750 6217
362 616 1279 769 ¹'orrouercon111.v.35a.
1371 677 1420 768 8⁵

221 832 296 906 Nec
317 857 433 928 quom
454 836 615 909 invectus
632 838 733 931 equis
753 838 867 908 altum
886 839 978 933 petit
995 838 1159 911 aethera:
1188 863 1256 931 nec
1277 865 1395 936 quom

220 951 455 1045 Praecipitem
475 950 611 1022 Oceani
630 952 737 1024 rubro
756 954 841 1025 lavit
859 979 1013 1049 aequore
1032 978 1184 1028 currum.

221 1068 468 1139 Concrescunt
487 1068 623 1141 subitae
642 1068 791 1140 currenti
809 1070 848 1138 in
868 1068 1018 1142 flumine
1038 1086 1191 1165 crustae,

220 1182 400 1277 Undaque
414 1184 492 1280 jam
512 1203 609 1280 tergo
628 1182 772 1255 ferratos
793 1185 944 1257 sustinet
962 1186 1080 1276 orbis,

222 1299 414 1395 Puppibus
432 1298 494 1368 illa
514 1299 612 1393 prius
630 1299 782 1395 patulis,
803 1323 900 1370 nunc
919 1301 1060 1396 hospita
1081 1302 1255 1396 plaustris.

221 1417 385 1508 Aeraque
405 1413 588 1489 dissiliunt
604 1416 739 1512 volgo,
764 1434 951 1509 vestesque
970 1418 1148 1515 rigescunt

224 1530 395 1619 indutae,
417 1529 642 1624 caeduntque
661 1530 841 1602 securibus
859 1531 1010 1602 humida
1028 1532 1134 1621 vina,

224 1646 269 1719 Et
288 1665 383 1718 totae
404 1644 559 1718 solidam
579 1648 618 1716 in
637 1646 788 1744 glaciem
807 1665 939 1717 vertere
959 1649 1129 1738 lacunae,

224 1761 398 1855 Stiriaque
418 1763 560 1856 inpexis
579 1761 739 1832 induruit
754 1761 896 1835 horrida
914 1761 1044 1835 barbis.

225 1879 362 1951 Interea
378 1896 458 1951 toto
479 1902 556 1949 non
576 1877 688 1951 secius
709 1888 785 1948 aere
804 1877 966 1976 ninguit:

227 1996 409 2068 Intereunt
427 1991 607 2088 pecudes,
624 2011 718 2065 stant
737 1976 950 2064 circumfusa
969 1994 1109 2089 pruinis

227 2110 389 2204 Corpora
406 2133 535 2207 magna
553 2107 670 2180 boum
693 2135 701 2177 ε
731 2106 966 2203 confenoque
984 2109 1126 2206 agmine
1147 2110 1239 2180 cervi

225 2225 391 2322 Torpent
409 2227 510 2297 mole
528 2250 642 2316 nova,
666 2241 702 2296 et
720 2224 873 2296 summis
892 2224 954 2294 vix
970 2214 1138 2297 cornibus
1158 2241 1305 2297 exstant.

104 2343 111 2361 ““
225 2341 306 2413 llos
323 2366 402 2415 non
422 2341 579 2414 inmissis
597 2338 768 2429 canibus,
791 2364 869 2411 non
889 2338 1047 2411 cassibus
1066 2339 1175 2429 ullis,

227 2455 447 2530 Puniceaeve
467 2457 600 2556 agitant
619 2455 772 2550 pavidos
792 2453 988 2526 formidine
1007 2454 1165 2549 pinnae:

227 2569 297 2644 Sed
316 2570 441 2645 frustra
460 2572 674 2667 oppositum
693 2571 876 2643 trudentes
894 2588 1039 2666 pectore
1058 2587 1225 2641 montem

230 2686 457 2784 Comminus
470 2687 685 2759 obtruncant
702 2685 816 2776 ferro,
842 2686 1060 2785 graviterque
1079 2684 1241 2759 rudentis

230 2802 419 2893 Caedunt,
444 2821 480 2874 et
498 2827 631 2901 magno
650 2802 733 2873 laeti
754 2802 909 2874 clamore
927 2819 1119 2895 reportant.

231 2918 308 3014 Ipsi
325 2919 365 2989 in
386 2916 537 2991 defossis
556 2915 733 3012 specubus
754 2941 873 2991 secura
893 2916 1051 2989 subalta

231 3034 318 3107 Otia
337 3050 448 3130 agunt
466 3050 576 3122 terra,
602 3049 843 3129 congestaque
862 3030 1017 3121 robora,
1037 3047 1205 3127 totasque

176 3204 185 3217 .
231 3145 434 3220 Advolvere
453 3146 544 3219 focis
561 3147 706 3237 ulmos,
732 3145 881 3244 ignique
900 3144 1041 3228 dederet

231 3259 302 3336 llic
321 3280 468 3335 noctem
488 3261 579 3332 ludo
598 3261 759 3351 ducunt,
780 3279 816 3333 et
834 3262 968 3357 pocula
984 3262 1068 3335 laeti

230 3381 423 3452 Fermento
444 3397 552 3472 atque
573 3376 683 3451 acidis
703 3377 888 3452 imitantur
905 3377 998 3450 vitea
1018 3378 1142 3451 sorbis.

230 3494 331 3568 Talis
349 3494 586 3589 Hyperboreo
604 3490 751 3587 Septem
771 3493 929 3593 subjecta
945 3494 1055 3567 trioni

231 3611 330 3682 Gens
350 3608 479 3681 effrena
499 3611 618 3681 virum
637 3608 803 3704 Rhipaeo
821 3608 986 3681 tunditur
1004 3609 1100 3682 Euro
1112 3624 1129 3698 ‚⁴

231 3727 279 3799 Et
296 3724 481 3820 pecudum
501 3722 610 3797 fulvis
628 3726 764 3796 velatur
783 3748 933 3819 corpora
954 3725 1066 3796 saetis.

291 3840 327 3912 Si
344 3839 412 3912 tibi
430 3840 599 3910 lanitium
619 3864 740 3919 curae;
765 3839 929 3934 primurn
954 3863 1076 3934 aspera
1096 3839 1205 3928 silva,

233 3956 454 4051 Lappaeque
474 3953 670 4049 tribulique
692 3953 811 4027 absint
831 3980 838 4021 :
868 3951 951 4051 luge
967 3953 1101 4048 pabula
1121 3956 1235 4026 laeta:

234 4070 500 4163 Continuoque
519 4093 638 4167 greges
655 4069 750 4143 villis
768 4069 846 4167 lege
863 4068 1041 4142 mollibus
1061 4069 1175 4143 albos.

234 4187 349 4257 Illum
369 4205 512 4274 autem,
539 4185 705 4278 quamvis
724 4184 811 4256 aries
830 4183 876 4255 sit
893 4184 1068 4256 candidus
1086 4185 1204 4279 ipse„

234 4299 344 4399 Nigra
367 4302 488 4373 subest
506 4299 582 4373 udo
602 4317 744 4371 tanturn
764 4300 823 4370 cui
839 4300 962 4398 lingua
982 4301 1129 4395 palato,

235 4414 377 4512 Rejice‚
398 4441 444 4487 ne
462 4416 615 4493 maculis
633 4413 785 4487 infuscet
802 4416 932 4487 vellera
951 4416 1063 4510 pullis

236 4529 460 4604 Nascentum
485 4561 492 4604 ι
521 4534 710 4631 plenoque
729 4531 846 4605 aliurn
863 4531 1098 4628 circumspice
1115 4536 1258 4628 campo.
