3750 6217
903 685 1052 775 138
1335 675 2229 771 AENEIDOS
2346 678 2465 749 11.
2582 674 2873 749 ma&

893 848 1376 940 Desertosque
1413 845 1649 916 videre
1689 848 1931 931 locos,
1982 844 2297 934 litusque
2337 842 2685 915 relictum.

889 958 1030 1037 Hic
1070 962 1454 1055 Dolopum
1498 984 1754 1033 manus
1787 1014 1808 1048 ‚
1852 954 1969 1030 hic
2008 980 2251 1029 saevus
2290 955 2631 1030 tendebat
2668 954 3019 1031 Achilles:

891 1078 1258 1150 Classibus
1293 1070 1405 1147 hic
1447 1077 1652 1149 locus
1709 1104 1724 1145 ε
1783 1072 1899 1147 hic
1945 1073 2092 1145 acie
2131 1092 2385 1153 certare
2424 1074 2773 1147 solebant.

893 1198 1061 1267 Pars
1098 1208 1339 1286 stupet
1377 1192 1724 1286 innuptae
1763 1193 2052 1264 donum
2089 1189 2369 1262 exitiale
2409 1189 2771 1261 Minervae
2795 1242 2822 1279 ,

895 1312 990 1393 Et
1029 1310 1308 1379 molem
1339 1308 1684 1379 mirantur
1721 1309 1893 1402 equi
1936 1335 1951 1375 :
2009 1306 2432 1401 primusque
2470 1304 2919 1401 Thmoetes

897 1425 1086 1498 Duci
1121 1424 1302 1495 intra
1339 1447 1590 1495 muros
1627 1424 1985 1511 hortatur,
2027 1439 2098 1491 et
2137 1446 2290 1492 arce
2328 1422 2589 1501 loca1i;
2750 1402 2787 1425 '⁰

897 1541 1059 1613 Sive
1098 1538 1317 1628 dolo,
1363 1562 1489 1610 seu
1517 1540 1674 1636 jam
1714 1539 1976 1609 Troiae
2016 1537 2116 1608 sic
2152 1535 2292 1608 fata
2328 1534 2677 1621 ferebant„

897 1656 997 1729 At
1037 1654 1278 1750 Capys
1302 1707 1323 1744 ‚
1369 1672 1438 1724 et
1467 1678 1778 1747 quorum
1815 1654 2076 1725 melior
2114 1660 2459 1725 sententia
2498 1654 2771 1744 menti,

909 1773 1058 1844 Aut
1096 1772 1355 1868 pelago
1393 1768 1730 1840 Danaum
1775 1769 2063 1842 insidias
2100 1786 2572 1863 suspectaque
2609 1767 2805 1841 dona

907 1885 1371 1979 Praecipitare
1403 1884 1706 1983 jubent,
1752 1886 2166 1983 subjectisve
2204 1909 2399 1955 urere
2435 1882 2747 1955 flammis
2778 1912 2795 1952 ε

903 2002 1056 2075 Aut
1092 2000 1432 2073 terebrare
1469 2023 1673 2074 cavas
1709 2002 1889 2073 uteri
1927 2020 1996 2072 et
2027 2019 2290 2072 tentare
2325 1999 2643 2072 latebras.

912 2116 1276 2189 Scinditur
1315 2116 1667 2187 incertum
1710 2117 1944 2193 studia
1980 2116 2056 2186 in
2092 2115 2436 2187 contraria
2468 2116 2744 2215 volgus.

1027 2232 1308 2304 Primus
1343 2230 1444 2303 ibi
1484 2250 1646 2305 ante
1688 2232 1931 2304 omnis
1958 2288 1980 2321 ‚
2032 2256 2291 2329 magna
2329 2231 2721 2303 comitante
2760 2248 3071 2323 caterva,

911 2349 1263 2427 Laocoon
1304 2346 1557 2419 ardens
1597 2372 1882 2429 summa
1923 2347 2224 2419 decurrit
2259 2347 2349 2418 ab
2391 2372 2585 2418 arcet

909 2464 1005 2537 Et
1042 2462 1350 2558 procul,
1393 2461 1466 2532 O
1510 2464 1794 2553 miseri,
1838 2489 2025 2559 quae
2064 2481 2255 2535 tanta
2291 2462 2599 2551 insania,
2641 2462 2827 2533 cives
2848 2463 2883 2533 ἓ-

909 2577 1219 2651 Creditis
1253 2594 1540 2651 avectos
1571 2578 1800 2653 hostis
1846 2580 1881 2650 ?
1940 2598 2064 2655 aut
2093 2579 2241 2655 ulla
2281 2579 2550 2673 putatis

914 2694 1136 2769 Dona
1175 2717 1398 2764 carere
1439 2691 1631 2765 dolis
1671 2695 2009 2781 Danaum
2048 2697 2080 2766 ?
2139 2695 2238 2766 sic
2276 2714 2496 2766 notus
2533 2692 2838 2767 Ulixes?

915 2810 1063 2883 Aut
1098 2810 1240 2891 hoc
1277 2808 1535 2890 inclusi
1569 2810 1767 2910 ligno
1810 2812 2255 2883 occultantur
2288 2808 2541 2881 Achivi
2577 2839 2597 2890 ς
2866 2900 2873 2905 -

914 2924 1065 2998 Aut
1092 2925 1264 2994 haec
1305 2924 1381 2995 in
1421 2923 2072 2999 nostrosfabricata
2112 2944 2217 2998 est
2249 2925 2581 2997 machina
2619 2950 2916 3015 murOS,

915 3041 1330 3135 Inspectura
1372 3039 1675 3132 domos,
1715 3060 2153 3137 venturaque
2185 3042 2490 3135 desuper
2520 3041 2724 3121 urbi;

917 3154 1068 3230 Aut
1105 3153 1366 3246 aliquis
1402 3157 1572 3227 latet
1611 3182 1814 3235 error.
1889 3184 2083 3252 equo
2130 3183 2221 3228 ne
2263 3157 2566 3248 credite,
2608 3157 2889 3235 Teucri,

921 3267 1316 3372 Quidquid
1354 3267 1433 3338 id
1471 3287 1609 3359 est,
1660 3272 1887 3343 timeo
1932 3272 2221 3345 Danaos
2260 3290 2330 3344 et
2366 3273 2561 3343 dona
2596 3270 2903 3345 ferentis.

923 3382 1037 3453 Sic
1073 3380 1301 3470 fatus,
1347 3383 1602 3456 validis
1639 3386 2003 3484 ingentem
2042 3388 2309 3461 viribus
2347 3388 2624 3461 hastam

927 3498 1018 3568 In
1059 3499 1283 3585 latus,
1327 3496 1550 3589 inque
1585 3496 1710 3569 feri
1747 3526 2035 3580 curvam
2075 3504 2523 3602 conpagibus
2558 3504 2802 3574 alvom

926 3611 1320 3685 Contorsit.
1398 3614 1588 3685 stetit
1628 3615 1751 3689 illa
1789 3635 2101 3691 tremens
2130 3675 2150 3710 ,
2209 3640 2560 3714 uteroque
2594 3640 2876 3692 recusso

925 3729 1325 3815 Insonuere
1361 3753 1567 3802 cavae
1607 3733 2106 3831 gemitumque
2145 3737 2404 3808 dedere
2439 3759 2790 3813 cavemae‚

925 3844 1061 3933 Et,
1106 3844 1165 3917 si
1209 3844 1350 3917 fata
1390 3845 1612 3917 deum
1642 3902 1663 3936 ‚
1714 3848 1773 3920 si
1813 3874 2020 3925 mens
2057 3875 2211 3923 non
2247 3855 2443 3923 laeva
2482 3850 2773 3940 fuisset,
