3750 6217
397 703 848 780 nunninus
905 705 1043 778 VIII.
1102 731 1135 778 v.
1184 705 1277 788 fian
1367 727 1446 798 3⁰⁵

238 865 334 941 Solis
355 870 541 942 inardescit
557 872 684 962 radiis,
706 876 889 970 longeque
907 871 1066 972 refulget.

240 985 340 1055 Tum
361 985 448 1057 levis
469 1008 587 1059 ocreas
607 990 763 1079 electro,
782 1012 943 1082 auroque
963 1006 1126 1073 recocto,

241 1102 481 1193 Hastamque,
504 1119 539 1174 et
556 1103 663 1196 clipei
682 1127 759 1174 non
779 1102 971 1173 enarrabile
991 1118 1141 1174 textumr

241 1217 321 1287 Illic
338 1239 392 1286 res
413 1215 535 1305 Italas,
558 1216 884 1311 Romanorumque
904 1219 1134 1312 triumphos,

242 1331 490 1401 blandratum
511 1332 651 1429 ignarus
669 1335 881 1426 venturique
899 1334 1032 1406 inscius
1050 1330 1127 1404 aevi

242 1444 384 1517 fecerat
403 1445 616 1544 Ignipotens
640 1477 648 1516 :
678 1451 751 1520 illic
768 1473 880 1546 genus
900 1473 1012 1520 omne
1029 1447 1167 1518 futurae
1393 1443 1416 1494 θ

244 1561 367 1656 Stirpis
387 1561 432 1631 ab
452 1562 627 1653 Ascanio,
649 1583 878 1662 pugnataque
899 1563 1081 1634 inordine
1101 1561 1207 1636 beliar

244 1676 384 1747 Fecerat
404 1695 439 1747 et
454 1676 559 1747 viridi
577 1679 686 1750 fetam
706 1679 877 1750 Mavortis
897 1680 935 1749 ln
953 1699 1053 1750 antro

244 1789 480 1864 Procubuisse
501 1793 626 1886 lupam
649 1824 657 1862 ι
688 1794 853 1893 geminos
873 1795 957 1866 huit
977 1791 1083 1864 ubera
1103 1792 1239 1864 circum

247 1906 385 1977 Ludere
405 1907 595 2002 pendentis
614 1934 770 2003 pueros,
793 1927 828 1978 et
851 1910 1007 1980 lambere
1025 1926 1177 1992 matrem

246 2022 443 2116 Inpavidus
464 2050 472 2090 ι
502 2023 603 2093 illam
623 2024 723 2096 tereti
742 2025 874 2095 cerv'i'oe
891 2023 1059 2095 reflexam
1120 2019 1126 2032 '

246 2123 402 2207 Mulcere
418 2138 594 2228 alternos,
622 2158 657 2210 et
674 2147 823 2232 corpora
843 2140 972 2237 fingere
993 2139 1124 2238 lingua.

247 2250 323 2322 Nec
340 2254 467 2346 procul
486 2253 571 2323 hinc
589 2253 769 2344 Romam,
790 2274 824 2325 et
841 2263 957 2349 'raptas
975 2254 1051 2325 sine
1070 2275 1172 2323 more
1191 2236 1339 2324 Sabinas

248 2366 428 2442 Consessu
445 2390 590 2460 careae,
609 2363 754 2467 inagnis
773 2368 998 2442 Circensibus
1016 2369 1125 2458 actis,
1143 2407 1146 2416 ·

247 2481 462 2571 Addiderat,
489 2483 683 2579 subitoque
702 2491 841 2554 lrovom
863 2501 1071 2581 consurgere
1093 2481 1231 2554 bellurn

248 2595 480 2686 Romulidis,
505 2595 687 2693 Tatioque
714 2600 811 2688 se'ni,
837 2598 1066 2692 Curibusque
1085 2598 1222 2669 severisr

249 2711 335 2783 Post
355 2712 466 2782 ildem
487 2714 577 2785 inter
594 2739 651 2804 se,
673 2716 795 2809 posito
817 2715 1033 2801 certamine,
1059 2737 1156 2810 reges

248 2811 383 2898 Armati
398 2810 500 2915 Jovis
519 2832 600 2901 anie
617 2836 740 2917 aram,
762 2841 973 2929 paterasque
991 2841 1150 2898 tenentes
1167 2862 1179 2916 ς

250 2940 415 3031 Stabant,
435 2961 471 3014 et
490 2967 587 3014 caesa
603 2930 802 3042 jungebant
821 2943 964 3014 foedera
984 2966 1102 3035 porca.

251 3043 359 3128 Haud
379 3061 507 3153 procul
527 3059 633 3148 inde,
654 3060 742 3130 citae
762 3053 916 3129 Metiurn
935 3055 973 3129 in'
992 3041 1128 3128 diversa
1141 3039 1340 3156 quadrigae

252 3173 487 3262 tristaremur,
512 3175 569 3267 (at
583 3194 624 3245 tu
642 3173 769 3263 dictis,
790 3171 949 3261 Albane,
969 3173 1152 3265 maneres)

252 3273 500 3383 Raptabatque
517 3287 581 3360 viri
602 3289 785 3362 mendacis
803 3289 933 3360 uiscera
952 3285 1084 3357 Tullus

253 3403 318 3473 Per
335 3397 485 3494 silvam,
512 3423 547 3477 et
564 3403 673 3500 sparsi
693 3383 859 3475 'rorabant
878 3403 1049 3501 sanguine
1068 3421 1202 3495 vepres.

253 3518 423 3592 Necnon
443 3518 683 3615 Tarquinium
704 3522 859 3618 ejectum
875 3517 1029 3620 Porsena
1042 3495 1194 3615 jubebat

252 3629 450 3730 Adcipere,
473 3637 679 3736 ingentique
698 3635 826 3706 u'rbern
847 3635 1039 3707 obsidione
1054 3632 1259 3726 premebatr

253 3738 440 3820 Aeneadae
459 3751 497 3821 in
513 3750 642 3822 ferrum
661 3775 729 3845 pro
748 3750 907 3822 libertate
926 3747 1084 3819 ruebant

256 3863 366 3933 lll'um
389 3864 587 3963 indignanti
608 3866 790 3955 similem,
816 3855 1045 3956 similemque
1065 3859 1217 3931 r'ninanti

255 3963 489 4080 Adspiceresi
511 3999 664 4075 pontem
684 3969 827 4052 auderet
845 3981 930 4074 quia
947 3978 1075 4049 vellere
1096 3973 1251 4063 CocleS,

256 4092 301 4165 Et
321 4087 473 4164 fluvium
493 4095 619 4166 vinclis
639 4095 776 4166 innaret
795 4094 934 4167 Cloelia
954 4093 1077 4187 ruptis.

257 4211 301 4280 lu
322 4234 470 4282 summo
489 4216 608 4281 custos
627 4209 798 4304 Tarpeiae
816 4209 972 4280 Manlius
990 4207 1076 4278 arcis

256 4324 376 4397 Stabat
395 4345 462 4420 pro
481 4326 648 4419 templo,
675 4343 710 4395 et
730 4323 909 4419 Capitolia
925 4325 1016 4395 celsa
1034 4309 1187 4393 tenebat.

257 4441 490 4539 [Romuleoque
511 4467 618 4513 recens
640 4440 784 4511 donabat
803 4443 893 4532 regia
914 4435 1039 4535 culmo]

256 4556 383 4651 Atque·
395 4553 453 4629 laic
472 4557 600 4630 auratis
619 4555 776 4627 volitans
796 4569 978 4654 argenteus
996 4576 1096 4625 anser

1124 4663 1201 4772 Qu
