3750 6217
491 766 939 842 AENEIDOS
996 768 1106 840 XII.
1165 795 1198 840 v.
1253 790 1343 860 755.
1449 796 1528 865 413

325 932 552 1026 Responsant
569 938 679 1027 circa,
703 954 737 1008 et
757 940 901 1008 coelum
917 950 1018 1005 tonat
1038 959 1149 1006 omne
1166 940 1336 1011 tumultu.

322 1048 393 1118 'Ille
415 1052 522 1123 simul
544 1052 706 1152 fugiens,
734 1053 887 1125 Rutulos
907 1052 1014 1124 simul
1036 1052 1190 1143 increpat
1211 1058 1354 1143 omnis,

325 1164 484 1238 Nomine
503 1193 687 1262 quemque
703 1194 854 1256 vocans,
880 1184 1084 1261 notumque
1103 1166 1265 1267 efflagitat
1286 1195 1419 1244 ensem.

324 1278 460 1356 Aeneas
479 1302 634 1355 mortem
654 1304 775 1357 contra
793 1308 1030 1381 praesensque
1046 1284 1202 1354 minatur

324 1395 503 1489 Exitium,
526 1402 554 1472 si
578 1403 770 1496 quisquam
793 1402 920 1472 adeat:
950 1416 1123 1492 terretque
1144 1404 1346 1492 trementis,
1419 1434 1424 1449 1

247 1576 249 1581 ,
324 1512 534 1587 Excisurum
556 1518 681 1589 urbem
703 1519 894 1605 minitans,
921 1532 956 1588 et
973 1517 1109 1589 saucius
1129 1516 1241 1588 instat.

324 1627 500 1732 Quinque
522 1633 616 1705 orbis
637 1636 783 1729 explent
798 1658 921 1722 cursu,
948 1633 1174 1724 totidemque
1193 1650 1356 1707 retexunt

246 1768 252 1783 ·
323 1743 405 1816 Huc
426 1748 520 1820 illuc.
564 1774 680 1842 neque
701 1751 798 1820 enirn
820 1750 908 1820 levia
925 1765 985 1821 aut
1004 1748 1139 1819 ludicra
1158 1767 1329 1841 petuntur

324 1858 480 1933 Praemia
502 1892 509 1931 ι
540 1865 602 1936 sed
623 1866 736 1936 Turni
755 1866 801 1947 de
820 1866 890 1936 vita
907 1882 942 1937 et
960 1865 1130 1963 sanguine
1150 1880 1288 1936 certant

322 1973 426 2047 Forte
448 2004 539 2050 sacer
559 1981 681 2053 Fauno
701 1980 796 2052 foliis
814 1984 961 2053 oleaster
978 1981 1103 2051 amaris

322 2086 391 2161 Hic
412 2109 570 2185 steterat,
590 2099 704 2168 nautis
725 2098 816 2167 olim
836 2097 1035 2171 venerabile
1056 2096 1221 2193 signum:

208 2228 231 2255 1¹
321 2204 449 2278 Servati
467 2237 510 2282 ex
528 2213 634 2284 undis
655 2213 717 2283 ubi
736 2214 840 2311 figere
860 2215 957 2284 dona
978 2212 1141 2285 solebant

321 2321 487 2396 Laurenti
510 2328 618 2415 divo,
643 2347 678 2399 et
697 2348 799 2398 votas
820 2330 1035 2421 suspendere
1054 2329 1167 2398 vestis.

320 2436 390 2508 Sed
408 2441 553 2534 stirpem
574 2441 703 2511 Teucri
721 2443 824 2511 nullo
850 2441 1050 2510 discrimine
1075 2464 1210 2511 sacrum

320 2551 562 2646 Sustulerant,
588 2582 679 2650 puro
702 2574 740 2626 ut
760 2574 908 2649 possent
928 2579 1132 2625 concurrere
1152 2580 1293 2649 campo.

320 2663 390 2739 Hic
407 2670 505 2742 hasta
525 2670 664 2743 Aeneae
683 2671 819 2743 stabat:
849 2671 920 2740 huc
939 2671 1080 2766 inpetus
1098 2670 1198 2741 illam

207 2787 210 2795 '
320 2783 526 2878 Detulerat,
549 2788 656 2858 fixam
676 2809 711 2859 et
729 2790 824 2857 lenta
842 2787 955 2857 radice
973 2785 1125 2856 tenebat.

320 2899 511 2991 Incubuit,
536 2905 723 2996 voluitque
743 2928 853 2972 manu
875 2904 1075 2972 convellere
1099 2899 1229 2971 ferrum

320 3014 540 3087 Dardanides
561 3047 568 3087 :
597 3021 746 3111 teloque
767 3016 891 3109 sequi,
915 3042 1028 3108 quem
1046 3015 1218 3108 prendere
1237 3041 1339 3087 cursu

319 3129 406 3200 Non
427 3147 572 3225 poterat.
611 3153 689 3203 tum
709 3158 791 3202 vero
814 3156 936 3205 amens
959 3131 1150 3203 formidine
1170 3129 1335 3219 Tumus‚

318 3244 460 3336 laune,
484 3273 630 3341 precor,
653 3251 839 3337 miserere,
864 3248 1004 3340 inquit:
1033 3262 1146 3340 tuque
1164 3264 1316 3340 optuma
1336 3246 1465 3319 ferrum

318 3360 425 3432 Terra
443 3381 544 3442 tener
573 3364 669 3435 colui
686 3384 819 3435 vestros
839 3365 869 3435 si
887 3388 1026 3457 semper
1044 3363 1199 3433 honores
1216 3391 1224 3440 ;
1489 3374 1492 3379 '

318 3477 425 3582 Quos
444 3498 565 3550 contra
583 3479 769 3550 Aeneadae
789 3479 887 3549 bello
907 3475 1018 3549 iecere
1036 3473 1216 3573 profanos.

317 3593 438 3682 Dixit,
465 3620 649 3688 opemque
668 3596 727 3666 dei
745 3620 823 3665 non
843 3619 936 3665 cassa
959 3593 997 3663 in
1014 3613 1098 3663 vota
1114 3594 1262 3664 vocavit.

317 3708 486 3803 Namque
504 3711 567 3782 diu
589 3713 745 3798 luctans,
769 3713 942 3803 lentoque
961 3709 998 3778 iu
1020 3709 1126 3803 stirpe
1146 3730 1321 3796 moratus,

315 3822 463 3896 Viribus
483 3826 581 3898 haud
600 3829 682 3898 ullis
699 3827 811 3897 valuit
829 3824 1026 3896 discludere
1045 3844 1186 3892 morsus

315 3938 473 4010 Roboris
494 3938 639 4012 Aeneas.
686 3943 774 4011 dum
794 3940 916 4011 nititur
935 3962 1034 4024 acer,
1058 3955 1094 4005 et
1114 3935 1236 4023 instat,

315 4053 450 4124 Rursus
469 4054 506 4122 in
525 4057 661 4152 aurigae
682 4054 807 4126 faciem
826 4068 962 4125 mutata
982 4051 1120 4121 Metisci

315 4168 508 4257 Procurrit,
535 4167 700 4261 fratrique
720 4194 842 4240 ensem
863 4170 928 4239 dea
949 4166 1088 4237 Daunia
1107 4165 1232 4237 reddit.

315 4284 431 4389 Quod
449 4284 575 4357 Venus
594 4284 719 4355 audaci
739 4284 931 4378 Nymphae
953 4283 1133 4381 indignata
1154 4282 1279 4371 licere,

243 4404 245 4409 ’
313 4399 497 4488 Adcessit,
524 4401 712 4492 telumque
732 4400 801 4469 alta
822 4397 866 4468 ab
883 4400 999 4470 radice
1018 4399 1164 4471 revellit.

313 4516 391 4586 Olli
412 4515 607 4603 sublimes,
628 4515 733 4586 armis
754 4513 954 4607 animisque
973 4513 1114 4599 refecti,

315 4630 382 4703 Hic
402 4632 522 4729 gladio
542 4632 675 4720 fidens,
697 4630 784 4701 hicc’
805 4653 882 4701 acer
901 4647 936 4702 et
953 4629 1082 4702 arduus
1098 4629 1217 4716 hasta,
