3750 6217
331 699 411 796 346
542 696 992 774 A'ENEI'DOS
1049 700 1098 772 X
1156 712 1329 794 v.'3qr.

327 870 522 941 indiscreta
542 868 633 956 suis,
655 885 845 964 gratusque
863 866 1073 962 parentibus
1092 890 1195 937 error.

327 985 375 1057 At
395 1010 493 1056 nunc
512 985 600 1066 dura
618 983 719 1056 dedit
737 982 844 1054 vobis
863 983 1070 1057 discrimina
1092 982 1231 1054 Pallas:

328 1101 424 1171 Nam
446 1102 533 1189 tibi,
555 1099 766 1193 Thymbre,
793 1120 903 1195 caput
922 1097 1124 1171 Euandrius
1144 1097 1292 1170 abstulit
1312 1098 1427 1170 ensis:

328 1217 384 1290 Te
404 1216 520 1288 decisa
541 1241 673 1304 suum,
694 1213 843 1304 Laride,
868 1215 1011 1287 dextera
1031 1214 1190 1307 quaerit;

328 1333 638 1424 Semianimesque
658 1330 795 1400 micant
814 1330 941 1431 digiti,
967 1330 1173 1425 ferrumque
1190 1348 1383 1403 retractant.

329 1448 481 1520 Arcadas
499 1446 673 1517 adcensos
689 1447 857 1536 monitu,
880 1468 916 1519 et
932 1449 1108 1542 praeclara
1125 1447 1258 1518 tuentis

329 1564 435 1642 Facta
451 1563 539 1651 viri,
558 1562 693 1633 mixtus
713 1561 822 1632 dolor
840 1583 875 1634 et
893 1563 1015 1657 pudor
1034 1580 1146 1633 annat
1162 1563 1201 1633 in
1219 1562 1343 1635 hostis.

330 1680 429 1749 Tum
451 1679 589 1765 Pallas,
611 1678 743 1775 bijugis
763 1675 963 1777 fugientem
986 1679 1144 1750 Rhoetea
1162 1700 1298 1773 praeter

330 1795 485 1892 Trajicit.
520 1794 591 1865 hoc
612 1794 791 1888 spatium,
813 1811 1031 1888 tantumque
1049 1819 1172 1864 morae
1189 1792 1257 1864 fuit
1272 1795 1350 1864 Ilo:

330 1911 390 1983 Ilo
410 1934 572 2003 namque
591 1911 721 2003 procul
737 1909 896 1980 validam
917 1909 1268 1981 direxerat'hastam:

314 2027 456 2132 'Quam
473 2024 615 2096 medius
633 2024 817 2095 Rhoeteus
838 2026 1036 2120 intercipit,
1062 2025 1202 2119 optime
1219 2024 1399 2114 Teuthra,

331 2143 387 2214 Te
406 2141 568 2239 fugiens,
588 2138 804 2234 fratremque
824 2139 946 2233 Tyren
967 2167 975 2208 t
1006 2165 1181 2233 curruque
1201 2141 1347 2213 volutus

331 2257 461 2327 Caedit
480 2255 703 2328 semianimis
722 2254 943 2326 Rutulorum
964 2256 1121 2327 calcibus
1139 2281 1228 2328 arva.

331 2372 385 2444 Ac
403 2375 520 2460 velut,
547 2389 673 2464 optato
691 2370 808 2447 ventis
827 2389 957 2443 aestate
976 2373 1132 2460 coortis,

331 2488 501 2582 Dispersa
520 2486 672 2572 inmittit
688 2485 787 2557 silvis
807 2487 973 2570 incendia
993 2508 1134 2581 pastor:

331 2602 525 2695 Conreptis
544 2601 664 2671 subito
685 2602 838 2690 mediis,
863 2604 1064 2675 extenditur
1082 2628 1156 2673 una

330 2718 486 2789 Horrida
502 2741 566 2812 per
584 2718 675 2789 latos
693 2718 984 2789 acies·Volcania
1005 2744 1177 2813 campos:

330 2834 398 2910 Ille
420 2834 544 2905 sedens
564 2833 678 2903 victor
695 2831 859 2920 flammas
880 2834 1063 2929 despectat
1081 2834 1247 2905 ovantis:

330 2950 418 3020 Non
437 2950 534 3020 aliter
551 2948 692 3020 socidm
713 2950 821 3020 virtus
840 2950 914 3020 coit
933 2951 1055 3021 omnis
1075 2950 1112 3019 in
1136 2973 1275 3038 unum,

329 3065 459 3157 Teque
476 3065 595 3160 juvat,
617 3063 726 3146 Palla,
767 3065 836 3135 Sed
857 3065 962 3136 bellis
980 3091 1058 3137 acer
1075 3065 1228 3136 Halesus

329 3180 467 3250 Tendit
487 3180 524 3248 in
545 3178 739 3273 adversos,
760 3205 870 3273 seque
891 3182 928 3251 in
951 3206 1011 3253 sua
1030 3180 1181 3278 conligit
1201 3205 1306 3250 arma.

329 3296 399 3365 Hic
419 3311 550 3363 mactat
571 3293 743 3381 Ladona,
767 3296 1011 3390 Pheretaque,
1032 3295 1387 3388 Demodocumque:

329 3409 538 3502 Strymonio
560 3408 722 3478 dextram
742 3410 893 3508 fulgenti
915 3413 1046 3506 deripit
1067 3437 1150 3482 ense

329 3525 469 3596 Elatam
489 3523 526 3591 in
543 3526 711 3618 jugulum
738 3559 746 3593 ι
777 3551 862 3598 saxo
884 3527 963 3598 ferit
985 3552 1043 3598 ora
1062 3528 1260 3617 ThoantiS,

329 3641 494 3732 Ossaque
515 3640 680 3733 dispersit
700 3642 841 3712 cerebro
863 3644 1037 3736 permixta
1060 3662 1218 3713 cruento.

327 3756 413 3828 Fata
434 3781 562 3827 canens
582 3756 679 3827 silvis
699 3759 838 3854 genitor
855 3761 984 3830 celarat
1006 3759 1203 3829 Halesum:

326 3871 376 3942 Ut
393 3874 511 3944 senior
530 3873 603 3942 leto
625 3875 784 3943 canentia
803 3875 941 3945 lumina
961 3875 1085 3962 solvit,

326 3989 486 4086 Injecere
505 4012 658 4059 manum
679 3989 821 4076 Parcae,
847 3992 1002 4084 telisque
1023 4009 1201 4063 sacrarunt

327 4103 495 4173 Euandri.
538 4126 648 4193 quem
670 4106 719 4175 sic
739 4105 854 4196 Pallas
871 4107 962 4200 petit
982 4124 1063 4176 ante
1082 4124 1264 4198 precatus:

327 4218 383 4288 Da
404 4242 525 4305 nune,
551 4216 687 4312 Thybri
707 4239 826 4312 pater,
850 4220 960 4309 ferro,
987 4222 1089 4314 quod
1108 4222 1245 4293 missile
1265 4220 1383 4311 librO,

326 4335 525 4404 Fortunam
545 4352 653 4426 atque
669 4335 766 4404 viam
788 4336 865 4405 duri
882 4362 945 4431 per
965 4355 1090 4431 pectus
1111 4337 1243 4407 Halesi.

325 4452 424 4522 Haec
444 4475 540 4518 arma
559 4451 775 4542 exuviasque
795 4453 858 4520 viri
878 4470 936 4521 tua
960 4478 1112 4545 quercus
1132 4452 1288 4523 habebit.

326 4566 452 4638 Audiit
472 4565 532 4633 illa
550 4565 640 4637 deus
665 4593 673 4633 ε
704 4566 793 4635 dnm
815 4568 902 4636 texit
923 4569 1075 4638 Imaona
1097 4568 1267 4657 HalestrS,
