3750 6217
389 808 521 912 ιε,
649 791 992 880 actosa
1048 805 1126 880 ru.
1183 828 1218 876 v.
1269 824 1332 892 η.

377 976 462 1067 Jam
478 975 618 1074 legere,
646 991 682 1045 et
702 993 793 1068 quae
812 970 857 1042 tit
876 963 1010 1065 poteris
1029 992 1242 1067 cognoscere
1258 969 1394 1053 virtus;

383 1083 492 1163 Molli
510 1079 699 1183 paullatim
719 1087 881 1159 flavescet
900 1109 1050 1179 campus
1067 1085 1191 1174 aristi,

383 1206 607 1298 Incultisque
624 1202 755 1275 rubens
775 1200 949 1298 pendebit
970 1198 1127 1271 sentibus
1148 1225 1241 1271 uva:

381 1322 430 1392 Et
449 1322 556 1391 durae
577 1344 725 1412 quercus
746 1315 925 1392 sudabunt
943 1314 1080 1385 roscida
1100 1317 1218 1388 mella.

382 1436 499 1506 Pauca
518 1452 639 1505 tamen
658 1434 827 1505 suberunt
844 1432 978 1526 priscae
993 1431 1138 1528 vestigia
1155 1430 1310 1523 fraudis,

383 1548 489 1654 Quae
505 1567 640 1621 tentare
657 1547 791 1619 Thetin
808 1546 965 1633 ratibus,
995 1569 1086 1637 quae
1107 1548 1243 1646 cingere
1264 1547 1377 1622 muris

381 1663 556 1759 Oppida,
579 1689 670 1757 quae
683 1661 833 1761 jubeant
853 1661 969 1731 telluri
990 1658 1161 1730 infindere
1183 1665 1311 1734 sulcos.

290 1771 293 1776 ’
381 1775 482 1852 Alter
501 1779 565 1849 erit
583 1796 664 1849 tum
685 1776 846 1871 Tiphys,
872 1793 907 1845 et
931 1776 1038 1846 altera
1059 1798 1150 1867 quae
1170 1776 1275 1847 vehat
1293 1776 1390 1875 Argo

381 1890 551 1966 Delectos
570 1893 694 1964 heroas
714 1919 722 1959 ε
752 1910 854 1962 enmt
872 1890 980 1961 etiam
1000 1890 1106 1959 altera
1124 1889 1241 1961 bella:

381 2007 505 2102 Atque
525 2009 653 2080 iterum
672 2006 719 2077 ad
737 2005 887 2076 Troiam
910 2028 1062 2102 magnus
1082 2006 1243 2077 mittetur
1262 2003 1432 2082 Achillesr

382 2123 503 2212 Hinc,
528 2122 592 2193 ubi
607 2123 683 2221 jam
703 2121 839 2192 firmata
855 2122 973 2191 virum
997 2137 1032 2191 te
1051 2119 1170 2192 fecerit
1187 2141 1305 2210 aetas,

382 2237 497 2308 Cedet
516 2256 551 2309 et
575 2238 651 2330 ipse
671 2237 760 2306 mari
781 2253 923 2315 verton
947 2258 1014 2306 nec
1032 2237 1173 2307 nautica
1195 2237 1306 2330 pinus

381 2345 540 2424 Mutabit
560 2376 694 2423 merces
722 2379 729 2420 ε
760 2352 881 2423 omnis
900 2349 988 2421 feret
1008 2352 1131 2422 omnia
1148 2353 1264 2423 tellus.

382 2467 471 2539 Non
488 2485 615 2538 rastros
632 2468 784 2562 patietur
799 2466 955 2554 humus,
980 2490 1057 2537 non
1075 2468 1179 2538 vinea
1197 2465 1341 2539 falcem.¹
1447 2547 1452 2562 ,

283 2669 291 2682 .
381 2582 568 2654 Robustus
588 2605 738 2675 quoque
752 2584 829 2679 jam
848 2581 955 2653 tauris
967 2583 1053 2679 juga
1074 2584 1189 2655 solvet
1207 2601 1330 2654 areton

381 2689 459 2768 Nec
474 2698 588 2767 varios
609 2696 720 2768 discet
736 2698 878 2768 mentiri
895 2698 976 2766 lana
993 2699 1140 2770 colores.

381 2805 468 2907 Ipse
493 2810 556 2883 sed
575 2812 613 2881 in
632 2812 741 2905 pratis
759 2812 846 2883 aries
859 2813 936 2910 jam
958 2837 1062 2884 suave
1082 2813 1224 2886 rubenti

380 2923 540 3015 Murice,
560 2928 638 3024 jam
657 2951 782 3012 croceo
802 2926 959 2999 mutabit
975 2928 1105 2999 vellera
1129 2930 1218 3000 luto.

380 3039 520 3136 Sponte
540 3065 603 3113 sua
629 3041 766 3137 sandyx
784 3043 961 3136 pascentis
980 3045 1104 3115 vestiet
1123 3060 1250 3143 agnose·

380 3155 485 3228 Talia
501 3159 634 3247 saecla,
657 3157 729 3230 suis
749 3157 939 3248 dixerunt,
959 3158 1106 3248 currite,
1132 3157 1221 3234 fusis

381 3264 592 3344 Concordes
610 3271 728 3344 stabili
749 3271 906 3343 fatorum
924 3273 1076 3345 numine
1094 3273 1230 3345 Parcae.

381 3378 583 3486 Adgredere
601 3411 624 3457 o
644 3410 818 3486 magnos,
840 3386 952 3459 aderit
964 3389 1042 3484 jam
1060 3405 1227 3481 tempus,
1251 3382 1430 3482 honores,

381 3499 471 3571 Cara
489 3500 600 3572 desim
621 3501 785 3592 suboles,
806 3525 982 3600 magnum
997 3501 1099 3590 Jovis
1117 3502 1387 3572 incrementum
1424 3485 1430 3494 ¹

381 3613 539 3710 Adspice
561 3640 723 3688 convexo
741 3634 929 3688 nutantem
947 3615 1111 3711 pondere
1130 3615 1331 3707 mundum,
1435 3704 1439 3712 Ι

380 3728 603 3826 Tenasque,
627 3750 828 3825 tractusque
846 3732 976 3822 maris,
1004 3733 1222 3824 coelumque
1242 3729 1492 3827 profundumr

380 3844 562 3942 Adspice,
587 3866 738 3919 venturo
762 3849 934 3919 laetentur
953 3867 994 3919 ut
1011 3848 1136 3919 omnia
1156 3848 1283 3923 saeclo.

382 3959 420 4032 Ο
442 3962 532 4032 mihi
552 3981 627 4034 tam
647 3964 755 4062 longe
776 3982 920 4035 maneat
936 3987 1017 4059 pars
1035 3964 1164 4036 ultima
1180 3964 1294 4054 vitae,

381 4074 532 4171 Spiritus
550 4096 604 4166 et,
625 4096 802 4171 quantum
818 4099 872 4151 sat
895 4079 959 4150 erit
976 4099 1035 4152 tua
1053 4079 1168 4152 dicere
1185 4077 1299 4151 facta!

380 4188 471 4262 Non
490 4216 551 4264 me
571 4192 788 4265 carminibus
805 4194 925 4265 vincet
944 4218 1010 4266 nec
1025 4194 1195 4268 Thracius
1212 4194 1410 4289 Orpheus,

382 4303 460 4377 Nec
478 4306 591 4380 Linus
609 4337 617 4377 ε
640 4308 723 4380 huic
742 4327 854 4381 mater
870 4311 1062 4403 quamvis,
1089 4330 1197 4405 atque
1214 4311 1298 4382 huic
1317 4333 1416 4408 pater
1432 4309 1544 4386 adsit:

382 4418 521 4515 Orphei
546 4422 759 4519 Calliopea,
782 4423 877 4496 Lino
898 4422 1079 4497 formosus
1098 4425 1246 4521 Apollo.

382 4532 459 4606 Pan
478 4538 605 4629 etiam,
633 4538 781 4611 Arcadia
801 4564 946 4611 mecum
967 4542 995 4612 si
1010 4540 1130 4637 judice
1149 4559 1282 4632 cenet,

383 4649 460 4723 Pan
485 4654 594 4726 etiam
615 4654 764 4730 Arcadia
781 4653 877 4730 dicet
895 4680 932 4730 se
947 4656 1068 4762 judice
1087 4653 1233 4732 rictum.
1280 4645 1283 4653 ⁵
