3750 6217
711 756 820 831 9⁰
1010 737 2059 814 GEORGICON
2174 736 2363 808 111.
2478 760 2547 807 v.
2644 754 2843 828 525.

705 904 1092 979 Solvuntur
1133 906 1344 974 latera
1367 958 1390 991 ,
1433 921 1648 998 atque
1687 905 1941 976 oculos
1982 922 2232 998 stupor
2270 915 2475 999 urget
2510 897 2803 987 inertis,

705 1021 828 1095 Ad
861 1040 1260 1113 terramque
1301 1017 1460 1090 fluit
1493 1020 1768 1090 devexo
1811 1018 2137 1113 pondere
2178 1016 2433 1089 cerviX.

709 1136 917 1243 Quid
953 1134 1186 1223 labor,
1225 1151 1346 1204 aut
1384 1133 1749 1206 benefacta
1779 1136 2035 1232 juvant
2072 1135 2105 1203 ?
2168 1133 2349 1227 quid
2386 1153 2685 1203 vomere
2724 1146 2969 1205 terras

713 1252 1086 1323 Invertisse
1129 1250 1354 1348 gravis
1395 1250 1428 1319 ?
1487 1250 1683 1345 atqui
1723 1274 1880 1321 non
1919 1249 2220 1323 Massica
2254 1246 2515 1319 Bacchi

711 1366 1053 1455 Munera,
1097 1390 1253 1439 non
1303 1365 1448 1438 illis
1487 1367 1742 1461 epulae
1779 1390 2089 1437 nocuere
2142 1382 2505 1458 repostae=

714 1479 1124 1557 frondibus
1158 1499 1229 1552 et
1263 1481 1457 1553 victu
1491 1500 1879 1577 pascuntur
1914 1479 2263 1574 simplicis
2299 1476 2575 1549 herbae.

719 1598 995 1669 Pocula
1035 1615 1200 1667 sunt
1237 1594 1473 1670 fontes
1509 1596 1806 1690 liquidi,
1856 1614 2072 1689 atque
2111 1595 2409 1666 exerc-ita
2448 1614 2655 1664 cursu

722 1713 1061 1785 Flumina
1087 1766 1107 1800 ,
1148 1734 1278 1782 nec
1317 1735 1617 1783 somnos
1657 1710 2020 1804 abrumpit
2058 1735 2218 1781 cura
2260 1708 2593 1785 salubres-

721 1829 1096 1921 Tempore
1129 1849 1283 1897 non
1319 1827 1461 1897 alio
1499 1827 1750 1898 dicunt
1787 1824 2197 1924 regionibus
2237 1825 2381 1896 illis

723 1941 1100 2049 Quaesitas
1139 1942 1232 2011 ad
1272 1965 1457 2013 sacra
1491 1941 1718 2013 boves
1749 1941 2062 2029 Junonis
2089 1994 2110 2030 ‚
2163 1959 2235 2012 et
2274 1940 2420 2012 uris·

725 2055 1109 2152 Inparibus
1146 2056 1402 2127 ductos
1443 2058 1581 2128 alta
1622 2056 1714 2127 ad
1755 2054 2048 2128 donaria
2087 2080 2345 2128 currus.

728 2173 913 2270 Ergo
957 2196 1157 2269 aegre
1193 2174 1420 2243 rastris
1453 2190 1706 2243 terram
1743 2172 2119 2261 rimantur,
2171 2188 2241 2242 et
2280 2170 2465 2265 ipsis·

735 2286 1116 2385 Unguibus
1155 2283 1522 2357 infodiunt
1555 2285 1784 2385 fruges
1816 2342 1835 2375 ‚
1867 2287 2286 2379 montisque
2326 2309 2454 2380 per
2489 2283 2677 2355 altos

731 2402 1096 2473 Contenta
1133 2401 1396 2472 cervice
1437 2402 1722 2473 trahunt
1760 2402 2119 2474 stridentia
2160 2402 2489 2496 plaustra.

729 2517 908 2588 Non
947 2517 1165 2610 lupus
1205 2516 1492 2588 insidias
1527 2518 1854 2611 explorat
1890 2516 2105 2587 ovilia
2144 2517 2452 2603 circum,

730 2631 886 2703 Nec
927 2630 1249 2729 gregibus
1292 2650 1682 2704 noctumus
1722 2631 2194 2703 obambulat:
2254 2631 2476 2702 acrior
2514 2627 2727 2699 illum

733 2746 920 2817 Cura
956 2746 1212 2818 domat
1261 2773 1278 2813 ε
1336 2745 1574 2817 timidi
1610 2746 1862 2819 damae
1904 2747 2231 2842 cervique
2274 2744 2560 2844 fugaces

733 2861 950 2935 Nunc
990 2861 1314 2955 interque
1353 2886 1560 2934 canes
1598 2881 1669 2934 et
1703 2864 1969 2935 circum
2006 2880 2185 2934 tecta
2218 2879 2575 2959 vagantur.

723 2976 892 3071 Jam
931 2977 1142 3061 maris
1183 2978 1494 3051 inmensi
1536 2980 1820 3072 prolem
1845 3033 1867 3068 ,
1923 2996 1995 3051 et
2033 3001 2255 3077 genus
2296 3000 2517 3049 omne
2552 2986 2937 3045 natantum

735 3090 977 3165 Litore
1013 3092 1089 3161 in
1125 3111 1443 3164 extremo
1470 3147 1491 3182 ‚
1515 3088 1660 3165 'ceu
1695 3094 2025 3193 naufraga
2062 3117 2363 3188 corpora
2395 3144 2416 3180 ‚
2466 3087 2724 3161 fluctus

735 3204 1016 3277 Proluit
1055 3234 1070 3274 ι
1132 3206 1457 3279 insolitae
1498 3208 1783 3307 fugiunt
1824 3211 1900 3279 in
1951 3209 2249 3280 flumina
2299 3207 2596 3303 phocae.

733 3318 990 3390 Interit
1030 3336 1099 3390 et
1131 3323 1355 3394 curvis
1397 3321 1642 3394 frustra
1676 3322 1967 3396 defensa
2003 3324 2287 3395 latebris

739 3433 1049 3528 Vipera,
1098 3450 1168 3502 et
1202 3434 1506 3507 adtoniti
1542 3438 1859 3530 squamis
1898 3438 2335 3510 adstantibus
2368 3433 2596 3531 hydri.

755 3547 948 3642 Ipsis
983 3564 1088 3619 est
1122 3558 1235 3617 aer
1272 3549 1520 3621 avibus
1558 3575 1714 3622 non
1750 3577 2022 3646 aequus
2045 3606 2066 3642 ‚
2113 3570 2183 3624 et
2221 3553 2385 3627 illae

742 3662 1169 3758 Praecipites
1209 3664 1348 3736 alta
1394 3664 1617 3737 vitam
1662 3666 1794 3738 sub
1841 3667 2035 3741 nube
2072 3669 2507 3761 relinquunt.

744 3778 1107 3850 Praeterea
1135 3780 1291 3877 jam
1328 3804 1461 3851 nec
1496 3781 1753 3852 mutari
1791 3781 2059 3877 pabula
2097 3780 2342 3871 refert,

769 3900 809 3956 Ι
934 3920 936 3922 ’
997 3896 1013 3908 ’
