<?xml version="1.0" encoding="UTF-8"?>
<!DOCTYPE html PUBLIC "-//W3C//DTD XHTML 1.0 Transitional//EN"
    "http://www.w3.org/TR/xhtml1/DTD/xhtml1-transitional.dtd">
<html xmlns="http://www.w3.org/1999/xhtml" xml:lang="en" lang="en">
 <head>
  <title>
</title>
<meta http-equiv="Content-Type" content="text/html;charset=utf-8" />
  <meta name='ocr-system' content='tesseract 3.04.00' />
  <meta name='ocr-capabilities' content='ocr_page ocr_carea ocr_par ocr_line ocrx_word'/>
</head>
<body>
  <div class='ocr_page' id='page_1' title='image "./publiivirgiliim00brungoog_0252.png"; bbox 0 0 3750 6217; ppageno 0'>
   <div class='ocr_carea' id='block_1_1' title="bbox 526 696 1545 805">
    <p class='ocr_par' dir='ltr' id='par_1_1' title="bbox 526 696 1545 805">
     <span class='ocr_line' id='line_1_1' title="bbox 526 696 1545 805; baseline 0.025 -26"><span class='ocrx_word' id='word_1_1' title='bbox 526 696 1347 798; x_wconf 69' lang='lat' dir='ltr'>n-rnrruosvr.v.127.</span> <span class='ocrx_word' id='word_1_2' title='bbox 1467 724 1545 805; x_wconf 68' lang='lat' dir='ltr'>nr</span> 
     </span>
    </p>
   </div>
   <div class='ocr_carea' id='block_1_2' title="bbox 234 871 1475 4537">
    <p class='ocr_par' dir='ltr' id='par_1_2' title="bbox 338 871 1153 973">
     <span class='ocr_line' id='line_1_2' title="bbox 338 871 1153 973; baseline -0.001 -29"><span class='ocrx_word' id='word_1_3' title='bbox 338 871 472 945; x_wconf 84' lang='lat' dir='ltr'><strong>Noctes</strong></span> <span class='ocrx_word' id='word_1_4' title='bbox 489 889 597 966; x_wconf 89' lang='lat' dir='ltr'>atque</span> <span class='ocrx_word' id='word_1_5' title='bbox 615 873 692 945; x_wconf 82' lang='lat' dir='ltr'>dies</span> <span class='ocrx_word' id='word_1_6' title='bbox 710 893 809 970; x_wconf 83' lang='lat' dir='ltr'>patet</span> <span class='ocrx_word' id='word_1_7' title='bbox 827 875 891 946; x_wconf 84' lang='lat' dir='ltr'>atri</span> <span class='ocrx_word' id='word_1_8' title='bbox 907 877 1017 973; x_wconf 85' lang='lat' dir='ltr'>janua</span> <span class='ocrx_word' id='word_1_9' title='bbox 1038 872 1153 946; x_wconf 84' lang='lat' dir='ltr'><strong>Ditis:</strong></span> 
     </span>
    </p>

    <p class='ocr_par' dir='ltr' id='par_1_3' title="bbox 330 988 1475 1319">
     <span class='ocr_line' id='line_1_3' title="bbox 333 988 1392 1086; baseline -0.001 -25"><span class='ocrx_word' id='word_1_10' title='bbox 333 988 403 1061; x_wconf 87' lang='lat' dir='ltr'>Sed</span> <span class='ocrx_word' id='word_1_11' title='bbox 423 1012 586 1060; x_wconf 86' lang='lat' dir='ltr'>revocare</span> <span class='ocrx_word' id='word_1_12' title='bbox 604 988 779 1086; x_wconf 86' lang='lat' dir='ltr'>gradum,</span> <span class='ocrx_word' id='word_1_13' title='bbox 801 1015 1018 1084; x_wconf 84' lang='lat' dir='ltr'>superasque</span> <span class='ocrx_word' id='word_1_14' title='bbox 1036 990 1184 1061; x_wconf 86' lang='lat' dir='ltr'>evadere</span> <span class='ocrx_word' id='word_1_15' title='bbox 1199 989 1246 1061; x_wconf 85' lang='lat' dir='ltr'>ad</span> <span class='ocrx_word' id='word_1_16' title='bbox 1266 1013 1392 1079; x_wconf 86' lang='lat' dir='ltr'>auras,</span> 
     </span>
     <span class='ocr_line' id='line_1_4' title="bbox 333 1103 1475 1199; baseline 0.006 -24"><span class='ocrx_word' id='word_1_17' title='bbox 333 1104 447 1176; x_wconf 82' lang='lat' dir='ltr'><strong>Hocc&#39;</strong></span> <span class='ocrx_word' id='word_1_18' title='bbox 468 1129 582 1199; x_wconf 85' lang='lat' dir='ltr'>opus,</span> <span class='ocrx_word' id='word_1_19' title='bbox 606 1104 665 1175; x_wconf 88' lang='lat' dir='ltr'>hic</span> <span class='ocrx_word' id='word_1_20' title='bbox 682 1104 785 1179; x_wconf 85' lang='lat' dir='ltr'>labor</span> <span class='ocrx_word' id='word_1_21' title='bbox 804 1124 867 1177; x_wconf 74' lang='lat' dir='ltr'>est</span> <span class='ocrx_word' id='word_1_22' title='bbox 908 1105 1036 1199; x_wconf 84' lang='lat' dir='ltr'>pauci,</span> <span class='ocrx_word' id='word_1_23' title='bbox 1058 1130 1151 1198; x_wconf 88' lang='lat' dir='ltr'>quos</span> <span class='ocrx_word' id='word_1_24' title='bbox 1170 1129 1307 1199; x_wconf 88' lang='lat' dir='ltr'>aequus</span> <span class='ocrx_word' id='word_1_25' title='bbox 1326 1103 1475 1183; x_wconf 87' lang='lat' dir='ltr'><strong>amavit.</strong></span> 
     </span>
     <span class='ocr_line' id='line_1_5' title="bbox 330 1202 1259 1319; baseline 0.003 -29"><span class='ocrx_word' id='word_1_26' title='bbox 330 1220 519 1319; x_wconf 84' lang='lat' dir='ltr'>Juppiter,</span> <span class='ocrx_word' id='word_1_27' title='bbox 543 1239 603 1292; x_wconf 86' lang='lat' dir='ltr'>aut</span> <span class='ocrx_word' id='word_1_28' title='bbox 626 1218 751 1291; x_wconf 88' lang='lat' dir='ltr'>ardens</span> <span class='ocrx_word' id='word_1_29' title='bbox 771 1202 889 1292; x_wconf 82' lang='lat' dir='ltr'>evexit</span> <span class='ocrx_word' id='word_1_30' title='bbox 906 1221 953 1291; x_wconf 88' lang='lat' dir='ltr'>ad</span> <span class='ocrx_word' id='word_1_31' title='bbox 973 1222 1110 1292; x_wconf 81' lang='lat' dir='ltr'>aethera</span> <span class='ocrx_word' id='word_1_32' title='bbox 1128 1221 1259 1311; x_wconf 80' lang='lat' dir='ltr'>virtus,</span> 
     </span>
    </p>

    <p class='ocr_par' dir='ltr' id='par_1_4' title="bbox 333 1335 1327 1544">
     <span class='ocr_line' id='line_1_6' title="bbox 333 1335 1327 1432; baseline 0.001 -26"><span class='ocrx_word' id='word_1_33' title='bbox 333 1335 415 1406; x_wconf 89' lang='lat' dir='ltr'><strong>Diis</strong></span> <span class='ocrx_word' id='word_1_34' title='bbox 433 1336 542 1432; x_wconf 85' lang='lat' dir='ltr'>geniti</span> <span class='ocrx_word' id='word_1_35' title='bbox 560 1351 721 1428; x_wconf 78' lang='lat' dir='ltr'>potuere</span> <span class='ocrx_word' id='word_1_36' title='bbox 760 1354 885 1406; x_wconf 86' lang='lat' dir='ltr'>tenent</span> <span class='ocrx_word' id='word_1_37' title='bbox 903 1336 1023 1407; x_wconf 83' lang='lat' dir='ltr'>media</span> <span class='ocrx_word' id='word_1_38' title='bbox 1045 1336 1169 1408; x_wconf 85' lang='lat' dir='ltr'>omnia</span> <span class='ocrx_word' id='word_1_39' title='bbox 1190 1335 1327 1425; x_wconf 83' lang='lat' dir='ltr'>silvae,</span> 
     </span>
     <span class='ocr_line' id='line_1_7' title="bbox 334 1450 1172 1544; baseline 0.002 -24"><span class='ocrx_word' id='word_1_40' title='bbox 334 1450 567 1544; x_wconf 88' lang='lat' dir='ltr'>Cocytosque</span> <span class='ocrx_word' id='word_1_41' title='bbox 587 1451 669 1521; x_wconf 89' lang='lat' dir='ltr'>sinu</span> <span class='ocrx_word' id='word_1_42' title='bbox 688 1450 814 1522; x_wconf 86' lang='lat' dir='ltr'>labens</span> <span class='ocrx_word' id='word_1_43' title='bbox 833 1451 1067 1523; x_wconf 79' lang='lat' dir='ltr'>circumvenit</span> <span class='ocrx_word' id='word_1_44' title='bbox 1085 1470 1172 1522; x_wconf 88' lang='lat' dir='ltr'><strong>atro.</strong></span> 
     </span>
    </p>

    <p class='ocr_par' dir='ltr' id='par_1_5' title="bbox 337 1564 1334 1780">
     <span class='ocr_line' id='line_1_8' title="bbox 339 1564 1334 1671; baseline 0.001 -36"><span class='ocrx_word' id='word_1_45' title='bbox 339 1564 455 1671; x_wconf 82' lang='lat' dir='ltr'>Quod</span> <span class='ocrx_word' id='word_1_46' title='bbox 475 1565 504 1636; x_wconf 93' lang='lat' dir='ltr'>si</span> <span class='ocrx_word' id='word_1_47' title='bbox 522 1583 641 1636; x_wconf 83' lang='lat' dir='ltr'>tantus</span> <span class='ocrx_word' id='word_1_48' title='bbox 660 1591 763 1637; x_wconf 88' lang='lat' dir='ltr'>arnor</span> <span class='ocrx_word' id='word_1_49' title='bbox 779 1566 917 1655; x_wconf 89' lang='lat' dir='ltr'>menti,</span> <span class='ocrx_word' id='word_1_50' title='bbox 943 1566 972 1637; x_wconf 88' lang='lat' dir='ltr'>si</span> <span class='ocrx_word' id='word_1_51' title='bbox 987 1585 1085 1638; x_wconf 85' lang='lat' dir='ltr'><strong>tanta</strong></span> <span class='ocrx_word' id='word_1_52' title='bbox 1102 1564 1238 1659; x_wconf 89' lang='lat' dir='ltr'>cupido</span> <span class='ocrx_word' id='word_1_53' title='bbox 1260 1585 1334 1657; x_wconf 80' lang='lat' dir='ltr'>est,</span> 
     </span>
     <span class='ocr_line' id='line_1_9' title="bbox 337 1678 1164 1780; baseline 0.001 -28"><span class='ocrx_word' id='word_1_54' title='bbox 337 1681 396 1753; x_wconf 88' lang='lat' dir='ltr'>Bis</span> <span class='ocrx_word' id='word_1_55' title='bbox 411 1678 554 1778; x_wconf 86' lang='lat' dir='ltr'><strong>Stygios</strong></span> <span class='ocrx_word' id='word_1_56' title='bbox 570 1680 691 1751; x_wconf 88' lang='lat' dir='ltr'>innare</span> <span class='ocrx_word' id='word_1_57' title='bbox 710 1684 824 1770; x_wconf 86' lang='lat' dir='ltr'>lacus,</span> <span class='ocrx_word' id='word_1_58' title='bbox 849 1679 905 1753; x_wconf 91' lang='lat' dir='ltr'>bis</span> <span class='ocrx_word' id='word_1_59' title='bbox 930 1682 1028 1780; x_wconf 78' lang='lat' dir='ltr'>nigra</span> <span class='ocrx_word' id='word_1_60' title='bbox 1044 1681 1164 1753; x_wconf 85' lang='lat' dir='ltr'>videre</span> 
     </span>
    </p>

    <p class='ocr_par' dir='ltr' id='par_1_6' title="bbox 334 1795 1187 1895">
     <span class='ocr_line' id='line_1_10' title="bbox 334 1795 1187 1895; baseline -0.001 -29"><span class='ocrx_word' id='word_1_61' title='bbox 334 1795 477 1867; x_wconf 82' lang='lat' dir='ltr'>Tartara</span> <span class='ocrx_word' id='word_1_62' title='bbox 496 1826 504 1875; x_wconf 88' lang='lat'>;</span> <span class='ocrx_word' id='word_1_63' title='bbox 528 1814 563 1866; x_wconf 90' lang='lat' dir='ltr'>et</span> <span class='ocrx_word' id='word_1_64' title='bbox 584 1796 711 1869; x_wconf 83' lang='lat' dir='ltr'>insano</span> <span class='ocrx_word' id='word_1_65' title='bbox 728 1798 829 1895; x_wconf 88' lang='lat' dir='ltr'>juvat</span> <span class='ocrx_word' id='word_1_66' title='bbox 849 1795 1034 1895; x_wconf 85' lang='lat' dir='ltr'>indulgere</span> <span class='ocrx_word' id='word_1_67' title='bbox 1054 1796 1187 1875; x_wconf 65' lang='lat' dir='ltr'>laborir</span> 
     </span>
    </p>

    <p class='ocr_par' dir='ltr' id='par_1_7' title="bbox 333 1909 1367 2115">
     <span class='ocr_line' id='line_1_11' title="bbox 333 1909 1367 2010; baseline 0.001 -27"><span class='ocrx_word' id='word_1_68' title='bbox 333 1909 498 2005; x_wconf 84' lang='lat' dir='ltr'>Adcipe‚</span> <span class='ocrx_word' id='word_1_69' title='bbox 526 1934 617 2003; x_wconf 85' lang='lat' dir='ltr'>quae</span> <span class='ocrx_word' id='word_1_70' title='bbox 637 1910 837 2010; x_wconf 80' lang='lat' dir='ltr'>peragenda</span> <span class='ocrx_word' id='word_1_71' title='bbox 856 1913 965 2005; x_wconf 83' lang='lat' dir='ltr'>prius.</span> <span class='ocrx_word' id='word_1_72' title='bbox 1006 1914 1093 1984; x_wconf 84' lang='lat' dir='ltr'><strong>latet</strong></span> <span class='ocrx_word' id='word_1_73' title='bbox 1108 1911 1233 1991; x_wconf 81' lang='lat' dir='ltr'>arbore</span> <span class='ocrx_word' id='word_1_74' title='bbox 1254 1935 1367 2007; x_wconf 74' lang='lat' dir='ltr'>opaca</span> 
     </span>
     <span class='ocr_line' id='line_1_12' title="bbox 334 2023 1132 2115; baseline 0.001 -18"><span class='ocrx_word' id='word_1_75' title='bbox 334 2025 473 2098; x_wconf 81' lang='lat' dir='ltr'>Aureus</span> <span class='ocrx_word' id='word_1_76' title='bbox 494 2045 528 2096; x_wconf 90' lang='lat' dir='ltr'>et</span> <span class='ocrx_word' id='word_1_77' title='bbox 548 2023 646 2099; x_wconf 83' lang='lat' dir='ltr'><strong>foliis</strong></span> <span class='ocrx_word' id='word_1_78' title='bbox 667 2046 701 2098; x_wconf 91' lang='lat' dir='ltr'>et</span> <span class='ocrx_word' id='word_1_79' title='bbox 721 2030 820 2098; x_wconf 90' lang='lat' dir='ltr'>lento</span> <span class='ocrx_word' id='word_1_80' title='bbox 840 2027 977 2098; x_wconf 89' lang='lat' dir='ltr'>vimine</span> <span class='ocrx_word' id='word_1_81' title='bbox 995 2052 1132 2115; x_wconf 86' lang='lat' dir='ltr'>ramus,</span> 
     </span>
    </p>

    <p class='ocr_par' dir='ltr' id='par_1_8' title="bbox 330 2130 1326 2585">
     <span class='ocr_line' id='line_1_13' title="bbox 330 2130 1289 2242; baseline 0.005 -30"><span class='ocrx_word' id='word_1_82' title='bbox 330 2141 469 2231; x_wconf 87' lang='lat' dir='ltr'>Junoni</span> <span class='ocrx_word' id='word_1_83' title='bbox 492 2130 649 2214; x_wconf 81' lang='lat' dir='ltr'>infernae</span> <span class='ocrx_word' id='word_1_84' title='bbox 667 2144 783 2216; x_wconf 86' lang='lat' dir='ltr'>dictus</span> <span class='ocrx_word' id='word_1_85' title='bbox 801 2136 905 2215; x_wconf 74' lang='lat' dir='ltr'>&#39;sacen</span> <span class='ocrx_word' id='word_1_86' title='bbox 944 2143 1041 2215; x_wconf 87' lang='lat' dir='ltr'>hunc</span> <span class='ocrx_word' id='word_1_87' title='bbox 1059 2143 1145 2242; x_wconf 86' lang='lat' dir='ltr'><strong>tegit</strong></span> <span class='ocrx_word' id='word_1_88' title='bbox 1166 2142 1289 2217; x_wconf 78' lang='lat' dir='ltr'>omnis</span> 
     </span>
     <span class='ocr_line' id='line_1_14' title="bbox 337 2257 1326 2346; baseline 0.004 -19"><span class='ocrx_word' id='word_1_89' title='bbox 337 2257 478 2346; x_wconf 80' lang='lat' dir='ltr'>Lucus,</span> <span class='ocrx_word' id='word_1_90' title='bbox 500 2275 535 2328; x_wconf 87' lang='lat' dir='ltr'>et</span> <span class='ocrx_word' id='word_1_91' title='bbox 556 2258 713 2332; x_wconf 81' lang='lat' dir='ltr'>obscuris</span> <span class='ocrx_word' id='word_1_92' title='bbox 733 2258 905 2337; x_wconf 85' lang='lat' dir='ltr'>claudunt</span> <span class='ocrx_word' id='word_1_93' title='bbox 924 2258 1148 2330; x_wconf 78' lang='lat' dir='ltr'>convallibus</span> <span class='ocrx_word' id='word_1_94' title='bbox 1167 2258 1326 2331; x_wconf 79' lang='lat' dir='ltr'>umbrae.</span> 
     </span>
     <span class='ocr_line' id='line_1_15' title="bbox 336 2370 1178 2469; baseline 0 -25"><span class='ocrx_word' id='word_1_95' title='bbox 336 2370 406 2444; x_wconf 90' lang='lat' dir='ltr'>Sed</span> <span class='ocrx_word' id='word_1_96' title='bbox 426 2396 503 2444; x_wconf 89' lang='lat' dir='ltr'>non</span> <span class='ocrx_word' id='word_1_97' title='bbox 524 2393 606 2446; x_wconf 86' lang='lat' dir='ltr'>ante</span> <span class='ocrx_word' id='word_1_98' title='bbox 624 2376 726 2446; x_wconf 84' lang='lat' dir='ltr'>datur</span> <span class='ocrx_word' id='word_1_99' title='bbox 740 2375 876 2448; x_wconf 87' lang='lat' dir='ltr'>telluris</span> <span class='ocrx_word' id='word_1_100' title='bbox 895 2391 1018 2469; x_wconf 84' lang='lat' dir='ltr'>operta</span> <span class='ocrx_word' id='word_1_101' title='bbox 1038 2373 1178 2463; x_wconf 86' lang='lat' dir='ltr'>subire,</span> 
     </span>
     <span class='ocr_line' id='line_1_16' title="bbox 333 2486 1266 2585; baseline 0.002 -27"><span class='ocrx_word' id='word_1_102' title='bbox 333 2486 552 2559; x_wconf 83' lang='lat' dir='ltr'>Auricomos</span> <span class='ocrx_word' id='word_1_103' title='bbox 574 2515 686 2581; x_wconf 87' lang='lat' dir='ltr'>quam</span> <span class='ocrx_word' id='word_1_104' title='bbox 706 2492 769 2582; x_wconf 91' lang='lat' dir='ltr'>qui</span> <span class='ocrx_word' id='word_1_105' title='bbox 790 2489 1003 2585; x_wconf 85' lang='lat' dir='ltr'>decerpserit</span> <span class='ocrx_word' id='word_1_106' title='bbox 1020 2488 1143 2560; x_wconf 86' lang='lat' dir='ltr'>arbore</span> <span class='ocrx_word' id='word_1_107' title='bbox 1162 2488 1266 2561; x_wconf 84' lang='lat' dir='ltr'>fetus.</span> 
     </span>
    </p>

    <p class='ocr_par' dir='ltr' id='par_1_9' title="bbox 234 2601 1278 2699">
     <span class='ocr_line' id='line_1_17' title="bbox 234 2601 1278 2699; baseline 0.004 -26"><span class='ocrx_word' id='word_1_108' title='bbox 234 2682 235 2687; x_wconf 6' lang='grc' dir='ltr'>ἵ</span> <span class='ocrx_word' id='word_1_109' title='bbox 333 2601 417 2673; x_wconf 87' lang='lat' dir='ltr'>Hoc</span> <span class='ocrx_word' id='word_1_110' title='bbox 436 2602 503 2674; x_wconf 90' lang='lat' dir='ltr'>sibi</span> <span class='ocrx_word' id='word_1_111' title='bbox 522 2607 669 2699; x_wconf 83' lang='lat' dir='ltr'>pulchra</span> <span class='ocrx_word' id='word_1_112' title='bbox 687 2630 795 2677; x_wconf 84' lang='lat' dir='ltr'>suum</span> <span class='ocrx_word' id='word_1_113' title='bbox 813 2603 893 2676; x_wconf 87' lang='lat' dir='ltr'>ferri</span> <span class='ocrx_word' id='word_1_114' title='bbox 913 2605 1123 2699; x_wconf 83' lang='lat' dir='ltr'>Proserpina</span> <span class='ocrx_word' id='word_1_115' title='bbox 1140 2626 1278 2677; x_wconf 83' lang='lat' dir='ltr'>munus</span> 
     </span>
    </p>

    <p class='ocr_par' dir='ltr' id='par_1_10' title="bbox 334 2717 1162 2812">
     <span class='ocr_line' id='line_1_18' title="bbox 334 2717 1162 2812; baseline 0.004 -26"><span class='ocrx_word' id='word_1_116' title='bbox 334 2717 505 2789; x_wconf 84' lang='lat' dir='ltr'><strong>Instituit.</strong></span> <span class='ocrx_word' id='word_1_117' title='bbox 544 2722 665 2812; x_wconf 91' lang='lat' dir='ltr'>primo</span> <span class='ocrx_word' id='word_1_118' title='bbox 686 2723 812 2792; x_wconf 86' lang='lat' dir='ltr'>avulso</span> <span class='ocrx_word' id='word_1_119' title='bbox 837 2743 916 2790; x_wconf 91' lang='lat' dir='ltr'>non</span> <span class='ocrx_word' id='word_1_120' title='bbox 935 2719 1057 2791; x_wconf 87' lang='lat' dir='ltr'>deficit</span> <span class='ocrx_word' id='word_1_121' title='bbox 1076 2720 1162 2791; x_wconf 85' lang='lat' dir='ltr'>alter</span> 
     </span>
    </p>

    <p class='ocr_par' dir='ltr' id='par_1_11' title="bbox 333 2829 1192 2933">
     <span class='ocr_line' id='line_1_19' title="bbox 333 2829 1192 2933; baseline 0.002 -30"><span class='ocrx_word' id='word_1_122' title='bbox 333 2829 493 2910; x_wconf 82' lang='lat' dir='ltr'>Aureus;</span> <span class='ocrx_word' id='word_1_123' title='bbox 514 2852 549 2902; x_wconf 90' lang='lat' dir='ltr'>et</span> <span class='ocrx_word' id='word_1_124' title='bbox 568 2835 679 2905; x_wconf 82' lang='lat' dir='ltr'>simili</span> <span class='ocrx_word' id='word_1_125' title='bbox 701 2833 896 2908; x_wconf 78' lang='lat' dir='ltr'>frondescit</span> <span class='ocrx_word' id='word_1_126' title='bbox 915 2834 1011 2933; x_wconf 83' lang='lat' dir='ltr'>virga</span> <span class='ocrx_word' id='word_1_127' title='bbox 1031 2836 1192 2906; x_wconf 84' lang='lat' dir='ltr'>metallo.</span> 
     </span>
    </p>

    <p class='ocr_par' dir='ltr' id='par_1_12' title="bbox 333 2945 1165 3047">
     <span class='ocr_line' id='line_1_20' title="bbox 333 2945 1165 3047; baseline 0.004 -29"><span class='ocrx_word' id='word_1_128' title='bbox 333 2945 428 3045; x_wconf 83' lang='lat' dir='ltr'>Ergo</span> <span class='ocrx_word' id='word_1_129' title='bbox 449 2949 518 3017; x_wconf 85' lang='lat' dir='ltr'>alte</span> <span class='ocrx_word' id='word_1_130' title='bbox 536 2949 670 3047; x_wconf 84' lang='lat' dir='ltr'>vestiga</span> <span class='ocrx_word' id='word_1_131' title='bbox 688 2951 804 3022; x_wconf 87' lang='lat' dir='ltr'>oculis</span> <span class='ocrx_word' id='word_1_132' title='bbox 815 2950 836 3039; x_wconf 84' lang='lat'>‚&#39;</span> <span class='ocrx_word' id='word_1_133' title='bbox 848 2969 884 3021; x_wconf 90' lang='lat' dir='ltr'>et</span> <span class='ocrx_word' id='word_1_134' title='bbox 900 2950 965 3020; x_wconf 88' lang='lat' dir='ltr'>rite</span> <span class='ocrx_word' id='word_1_135' title='bbox 985 2968 1165 3043; x_wconf 88' lang='lat' dir='ltr'>repertum</span> 
     </span>
    </p>

    <p class='ocr_par' dir='ltr' id='par_1_13' title="bbox 329 3061 1451 3268">
     <span class='ocr_line' id='line_1_21' title="bbox 334 3061 1451 3159; baseline 0.004 -28"><span class='ocrx_word' id='word_1_136' title='bbox 334 3061 452 3156; x_wconf 87' lang='lat' dir='ltr'>Carpe</span> <span class='ocrx_word' id='word_1_137' title='bbox 471 3086 592 3134; x_wconf 86' lang='lat' dir='ltr'>manu.</span> <span class='ocrx_word' id='word_1_138' title='bbox 630 3087 792 3158; x_wconf 80' lang='lat' dir='ltr'>namque</span> <span class='ocrx_word' id='word_1_139' title='bbox 812 3066 889 3159; x_wconf 88' lang='lat' dir='ltr'>ipse</span> <span class='ocrx_word' id='word_1_140' title='bbox 907 3065 1036 3137; x_wconf 86' lang='lat' dir='ltr'>voleus</span> <span class='ocrx_word' id='word_1_141' title='bbox 1053 3061 1238 3156; x_wconf 82' lang='lat' dir='ltr'>facilisque</span> <span class='ocrx_word' id='word_1_142' title='bbox 1258 3080 1451 3158; x_wconf 80' lang='lat' dir='ltr'>sequetur,</span> 
     </span>
     <span class='ocr_line' id='line_1_22' title="bbox 329 3175 1196 3268; baseline 0.002 -19"><span class='ocrx_word' id='word_1_143' title='bbox 329 3175 425 3249; x_wconf 81' lang='lat' dir='ltr'>site</span> <span class='ocrx_word' id='word_1_144' title='bbox 445 3176 515 3249; x_wconf 86' lang='lat' dir='ltr'><strong>fata</strong></span> <span class='ocrx_word' id='word_1_145' title='bbox 533 3198 689 3253; x_wconf 80' lang='lat' dir='ltr'>vocant:</span> <span class='ocrx_word' id='word_1_146' title='bbox 719 3180 839 3268; x_wconf 88' lang='lat' dir='ltr'>aliter,</span> <span class='ocrx_word' id='word_1_147' title='bbox 859 3202 937 3255; x_wconf 89' lang='lat' dir='ltr'>non</span> <span class='ocrx_word' id='word_1_148' title='bbox 955 3178 1091 3251; x_wconf 82' lang='lat' dir='ltr'>viribus</span> <span class='ocrx_word' id='word_1_149' title='bbox 1111 3179 1196 3251; x_wconf 90' lang='lat' dir='ltr'>ullis</span> 
     </span>
    </p>

    <p class='ocr_par' dir='ltr' id='par_1_14' title="bbox 333 3290 1231 3506">
     <span class='ocr_line' id='line_1_23' title="bbox 333 3290 1209 3389; baseline 0.003 -26"><span class='ocrx_word' id='word_1_150' title='bbox 333 3290 511 3381; x_wconf 89' lang='lat' dir='ltr'>Vincere,</span> <span class='ocrx_word' id='word_1_151' title='bbox 538 3317 605 3376; x_wconf 80' lang='lat' dir='ltr'>nec</span> <span class='ocrx_word' id='word_1_152' title='bbox 622 3293 712 3365; x_wconf 89' lang='lat' dir='ltr'>duro</span> <span class='ocrx_word' id='word_1_153' title='bbox 734 3295 869 3389; x_wconf 84' lang='lat' dir='ltr'>poteris</span> <span class='ocrx_word' id='word_1_154' title='bbox 888 3296 1088 3366; x_wconf 78' lang='lat' dir='ltr'>convellere</span> <span class='ocrx_word' id='word_1_155' title='bbox 1108 3293 1209 3367; x_wconf 84' lang='lat' dir='ltr'>ferro.</span> 
     </span>
     <span class='ocr_line' id='line_1_24' title="bbox 333 3407 1231 3506; baseline 0.001 -28"><span class='ocrx_word' id='word_1_156' title='bbox 333 3407 511 3478; x_wconf 85' lang='lat' dir='ltr'>Praeterea</span> <span class='ocrx_word' id='word_1_157' title='bbox 523 3409 617 3506; x_wconf 86' lang='lat' dir='ltr'>jacet</span> <span class='ocrx_word' id='word_1_158' title='bbox 634 3408 843 3481; x_wconf 84' lang='lat' dir='ltr'>exanimum</span> <span class='ocrx_word' id='word_1_159' title='bbox 861 3408 928 3481; x_wconf 93' lang='lat' dir='ltr'><strong>tibi</strong></span> <span class='ocrx_word' id='word_1_160' title='bbox 949 3432 1081 3503; x_wconf 85' lang='lat' dir='ltr'>corpus</span> <span class='ocrx_word' id='word_1_161' title='bbox 1101 3408 1231 3500; x_wconf 79' lang='lat' dir='ltr'><strong>amici,</strong></span> 
     </span>
    </p>

    <p class='ocr_par' dir='ltr' id='par_1_15' title="bbox 304 3521 1446 3966">
     <span class='ocr_line' id='line_1_25' title="bbox 334 3521 1405 3619; baseline 0.006 -27"><span class='ocrx_word' id='word_1_162' title='bbox 334 3521 445 3616; x_wconf 88' lang='lat' dir='ltr'>(Heu</span> <span class='ocrx_word' id='word_1_163' title='bbox 461 3524 597 3619; x_wconf 88' lang='lat' dir='ltr'>nescis)</span> <span class='ocrx_word' id='word_1_164' title='bbox 621 3542 810 3618; x_wconf 86' lang='lat' dir='ltr'>totamque</span> <span class='ocrx_word' id='word_1_165' title='bbox 832 3525 978 3596; x_wconf 80' lang='lat' dir='ltr'>incestat</span> <span class='ocrx_word' id='word_1_166' title='bbox 1001 3521 1124 3595; x_wconf 84' lang='lat' dir='ltr'>funere</span> <span class='ocrx_word' id='word_1_167' title='bbox 1143 3525 1312 3604; x_wconf 72' lang='lat' dir='ltr'>classem:</span> <span class='ocrx_word' id='word_1_168' title='bbox 1395 3548 1405 3569; x_wconf 87' lang='lat'><strong>·</strong></span> 
     </span>
     <span class='ocr_line' id='line_1_26' title="bbox 331 3635 1350 3735; baseline 0.004 -27"><span class='ocrx_word' id='word_1_169' title='bbox 331 3635 435 3709; x_wconf 91' lang='lat' dir='ltr'>Dum</span> <span class='ocrx_word' id='word_1_170' title='bbox 455 3640 620 3711; x_wconf 81' lang='lat' dir='ltr'>consulta</span> <span class='ocrx_word' id='word_1_171' title='bbox 638 3639 752 3734; x_wconf 89' lang='lat' dir='ltr'>petis,</span> <span class='ocrx_word' id='word_1_172' title='bbox 773 3658 973 3733; x_wconf 87' lang='lat' dir='ltr'>nostroque</span> <span class='ocrx_word' id='word_1_173' title='bbox 994 3638 1032 3709; x_wconf 89' lang='lat' dir='ltr'>in</span> <span class='ocrx_word' id='word_1_174' title='bbox 1058 3638 1184 3711; x_wconf 89' lang='lat' dir='ltr'>limine</span> <span class='ocrx_word' id='word_1_175' title='bbox 1201 3638 1350 3735; x_wconf 79' lang='lat' dir='ltr'>pendes.</span> 
     </span>
     <span class='ocr_line' id='line_1_27' title="bbox 332 3740 1446 3849; baseline 0 -24"><span class='ocrx_word' id='word_1_176' title='bbox 332 3751 485 3825; x_wconf 87' lang='lat' dir='ltr'>Sedibus</span> <span class='ocrx_word' id='word_1_177' title='bbox 504 3755 601 3825; x_wconf 88' lang='lat' dir='ltr'>hunc</span> <span class='ocrx_word' id='word_1_178' title='bbox 620 3753 707 3825; x_wconf 87' lang='lat' dir='ltr'>refer</span> <span class='ocrx_word' id='word_1_179' title='bbox 726 3773 808 3826; x_wconf 87' lang='lat' dir='ltr'>ante</span> <span class='ocrx_word' id='word_1_180' title='bbox 829 3756 919 3843; x_wconf 86' lang='lat' dir='ltr'>suis,</span> <span class='ocrx_word' id='word_1_181' title='bbox 943 3772 979 3825; x_wconf 92' lang='lat' dir='ltr'>et</span> <span class='ocrx_word' id='word_1_182' title='bbox 998 3754 1116 3827; x_wconf 85' lang='lat' dir='ltr'>conde</span> <span class='ocrx_word' id='word_1_183' title='bbox 1135 3755 1310 3849; x_wconf 74' lang='lat' dir='ltr'>sepulcro.</span> <span class='ocrx_word' id='word_1_184' title='bbox 1443 3740 1446 3745; x_wconf 53' lang='grc'><strong>’</strong></span> 
     </span>
     <span class='ocr_line' id='line_1_28' title="bbox 304 3866 1262 3966; baseline 0.005 -27"><span class='ocrx_word' id='word_1_185' title='bbox 304 3892 309 3911; x_wconf 90' lang='grc'>·</span> <span class='ocrx_word' id='word_1_186' title='bbox 332 3866 414 3940; x_wconf 90' lang='lat' dir='ltr'>Duc</span> <span class='ocrx_word' id='word_1_187' title='bbox 433 3869 549 3966; x_wconf 66' lang='lat' dir='ltr'>nigras</span> <span class='ocrx_word' id='word_1_188' title='bbox 568 3869 755 3962; x_wconf 57' lang='lat' dir='ltr'>pecudes:</span> <span class='ocrx_word' id='word_1_189' title='bbox 784 3895 826 3941; x_wconf 83' lang='lat' dir='ltr'>ea</span> <span class='ocrx_word' id='word_1_190' title='bbox 845 3870 963 3965; x_wconf 81' lang='lat' dir='ltr'>prima</span> <span class='ocrx_word' id='word_1_191' title='bbox 983 3869 1125 3964; x_wconf 77' lang='lat' dir='ltr'>piacula</span> <span class='ocrx_word' id='word_1_192' title='bbox 1143 3885 1262 3944; x_wconf 82' lang='lat' dir='ltr'>sunto.</span> 
     </span>
    </p>

    <p class='ocr_par' dir='ltr' id='par_1_16' title="bbox 331 3982 1251 4287">
     <span class='ocr_line' id='line_1_29' title="bbox 331 3982 1251 4083; baseline 0 -28"><span class='ocrx_word' id='word_1_193' title='bbox 331 3982 390 4056; x_wconf 90' lang='lat' dir='ltr'>Sic</span> <span class='ocrx_word' id='word_1_194' title='bbox 411 3983 562 4074; x_wconf 79' lang='lat' dir='ltr'>demum</span> <span class='ocrx_word' id='word_1_195' title='bbox 582 3984 684 4055; x_wconf 89' lang='lat' dir='ltr'>lucos</span> <span class='ocrx_word' id='word_1_196' title='bbox 704 3982 871 4082; x_wconf 79' lang='lat' dir='ltr'><strong>Stygios,</strong></span> <span class='ocrx_word' id='word_1_197' title='bbox 892 4008 998 4083; x_wconf 78' lang='lat' dir='ltr'>regna</span> <span class='ocrx_word' id='word_1_198' title='bbox 1019 3984 1116 4056; x_wconf 84' lang='lat' dir='ltr'>invia</span> <span class='ocrx_word' id='word_1_199' title='bbox 1133 3983 1251 4075; x_wconf 83' lang='lat' dir='ltr'><strong>vivis,</strong></span> 
     </span>
     <span class='ocr_line' id='line_1_30' title="bbox 332 4097 1204 4195; baseline -0.003 -23"><span class='ocrx_word' id='word_1_200' title='bbox 332 4097 532 4193; x_wconf 78' lang='lat' dir='ltr'>Adspicies.</span> <span class='ocrx_word' id='word_1_201' title='bbox 576 4098 687 4189; x_wconf 86' lang='lat' dir='ltr'><strong>dixit,</strong></span> <span class='ocrx_word' id='word_1_202' title='bbox 711 4123 908 4195; x_wconf 82' lang='lat' dir='ltr'>pressoque</span> <span class='ocrx_word' id='word_1_203' title='bbox 928 4098 1114 4174; x_wconf 88' lang='lat' dir='ltr'>obmutuit</span> <span class='ocrx_word' id='word_1_204' title='bbox 1134 4122 1204 4173; x_wconf 81' lang='lat' dir='ltr'>ore.</span> 
     </span>
     <span class='ocr_line' id='line_1_31' title="bbox 391 4213 1126 4287; baseline 0.005 -4"><span class='ocrx_word' id='word_1_205' title='bbox 391 4213 530 4285; x_wconf 86' lang='lat' dir='ltr'>Aeneas</span> <span class='ocrx_word' id='word_1_206' title='bbox 549 4232 688 4286; x_wconf 85' lang='lat' dir='ltr'>maesto</span> <span class='ocrx_word' id='word_1_207' title='bbox 708 4213 845 4286; x_wconf 85' lang='lat' dir='ltr'>defixus</span> <span class='ocrx_word' id='word_1_208' title='bbox 862 4213 1003 4287; x_wconf 84' lang='lat' dir='ltr'>lumina</span> <span class='ocrx_word' id='word_1_209' title='bbox 1021 4217 1126 4287; x_wconf 87' lang='lat' dir='ltr'><strong>voltu</strong></span> 
     </span>
    </p>

    <p class='ocr_par' dir='ltr' id='par_1_17' title="bbox 331 4328 1323 4537">
     <span class='ocr_line' id='line_1_32' title="bbox 332 4328 1323 4428; baseline 0.004 -27"><span class='ocrx_word' id='word_1_210' title='bbox 332 4328 555 4428; x_wconf 81' lang='lat' dir='ltr'>Ingreditur,</span> <span class='ocrx_word' id='word_1_211' title='bbox 581 4330 752 4424; x_wconf 87' lang='lat' dir='ltr'>linquens</span> <span class='ocrx_word' id='word_1_212' title='bbox 771 4348 940 4408; x_wconf 65' lang='lat' dir='ltr'>antrum</span> <span class='ocrx_word' id='word_1_213' title='bbox 967 4353 1164 4424; x_wconf 85' lang='lat' dir='ltr'>caecosque</span> <span class='ocrx_word' id='word_1_214' title='bbox 1182 4331 1323 4405; x_wconf 77' lang='lat' dir='ltr'>volutat</span> 
     </span>
     <span class='ocr_line' id='line_1_33' title="bbox 331 4443 1167 4537; baseline 0.004 -21"><span class='ocrx_word' id='word_1_215' title='bbox 331 4445 491 4537; x_wconf 78' lang='lat' dir='ltr'>Eventus</span> <span class='ocrx_word' id='word_1_216' title='bbox 510 4445 634 4516; x_wconf 86' lang='lat' dir='ltr'>animo</span> <span class='ocrx_word' id='word_1_217' title='bbox 660 4470 792 4517; x_wconf 88' lang='lat' dir='ltr'>secum.</span> <span class='ocrx_word' id='word_1_218' title='bbox 823 4450 880 4517; x_wconf 91' lang='lat' dir='ltr'>cui</span> <span class='ocrx_word' id='word_1_219' title='bbox 901 4443 998 4518; x_wconf 86' lang='lat' dir='ltr'>fidus</span> <span class='ocrx_word' id='word_1_220' title='bbox 1012 4444 1167 4519; x_wconf 79' lang='lat' dir='ltr'>Achates</span> 
     </span>
    </p>
   </div>
   <div class='ocr_carea' id='block_1_3' title="bbox 332 4559 1155 4663">
    <p class='ocr_par' dir='ltr' id='par_1_18' title="bbox 332 4559 1155 4663">
     <span class='ocr_line' id='line_1_34' title="bbox 332 4559 1155 4663; baseline 0.006 -33"><span class='ocrx_word' id='word_1_221' title='bbox 332 4560 368 4631; x_wconf 78' lang='lat' dir='ltr'>It</span> <span class='ocrx_word' id='word_1_222' title='bbox 388 4584 539 4651; x_wconf 82' lang='lat' dir='ltr'>comes,</span> <span class='ocrx_word' id='word_1_223' title='bbox 568 4576 605 4633; x_wconf 88' lang='lat' dir='ltr'>et</span> <span class='ocrx_word' id='word_1_224' title='bbox 626 4560 773 4657; x_wconf 72' lang='lat' dir='ltr'>peribus</span> <span class='ocrx_word' id='word_1_225' title='bbox 792 4559 884 4632; x_wconf 81' lang='lat' dir='ltr'>curis</span> <span class='ocrx_word' id='word_1_226' title='bbox 903 4561 1049 4660; x_wconf 85' lang='lat' dir='ltr'>vestigia</span> <span class='ocrx_word' id='word_1_227' title='bbox 1069 4561 1155 4663; x_wconf 79' lang='lat' dir='ltr'>figit.</span> 
     </span>
    </p>
   </div>
   <div class='ocr_carea' id='block_1_4' title="bbox 0 0 1883 6212">
    <p class='ocr_par' dir='ltr' id='par_1_19' title="bbox 0 0 1883 6212">
     <span class='ocr_line' id='line_1_35' title="bbox 0 0 1883 6212; baseline 0 0"><span class='ocrx_word' id='word_1_228' title='bbox 0 0 1883 6212; x_wconf 95' lang='lat' dir='ltr'> </span> 
     </span>
    </p>
   </div>
  </div>
 </body>
</html>
