3750 6217
345 838 394 908 54
515 813 1037 918 GJEORGICON
1093 813 1125 891 Ι.
1182 839 1360 912 v..4a4.

396 978 433 1053 Si
451 1005 535 1053 vero
556 983 671 1053 solem
693 982 740 1054 ad
759 980 926 1076 rapidum
947 981 1124 1075 lunasque
1145 982 1328 1076 sequentis

339 1097 477 1169 Ordine
500 1098 661 1191 respicies
678 1127 686 1175 ;
710 1120 916 1190 numquam
939 1114 975 1168 te
995 1096 1143 1168 crastina
1163 1094 1264 1170 fallet

339 1207 463 1302 Hora,
486 1234 606 1306 neque
625 1212 764 1285 insidiis
785 1212 901 1284 noctis
921 1211 1056 1306 capiere
1076 1236 1241 1283 serenae.-

339 1326 443 1399 Luna
465 1345 672 1400 revertentes
692 1349 810 1424 quom
829 1327 989 1422 primurn
1005 1326 1155 1425 conligit
1177 1327 1288 1427 ignis,

338 1439 376 1514 Si
399 1442 540 1540 nigrum
565 1439 718 1516 obscuro
741 1441 992 1537 conprenderit
1014 1452 1091 1512 a'era
1113 1465 1252 1531 comu,

338 1553 534 1629 Maxumus
552 1558 714 1657 agricolis
732 1560 936 1655 pelagoque
955 1556 1135 1652 parabitur
1153 1555 1279 1632 imber.

337 1670 406 1762 At,
433 1672 462 1745 si
481 1672 679 1770 virgineum
703 1671 886 1745 suffuderit
909 1696 969 1741 ore
991 1670 1182 1761 ruborem,

338 1785 480 1859 Ventus
508 1789 572 1858 erit
596 1815 604 1856 ε
632 1804 740 1858 vento
762 1810 902 1880 semper
921 1784 1025 1857 rubet
1045 1810 1149 1856 aurea
1168 1784 1325 1858 Phoebe.

338 1899 401 1973 Sin
425 1922 504 1975 ortu
526 1921 652 1997 quarto
675 1903 867 1995 (namque
889 1900 918 1972 is
942 1900 1158 1972 certissimus
1181 1904 1333 1994 auctor)

338 2016 451 2107 Pura,
477 2041 596 2111 neque
615 2015 778 2090 obtunsis
798 2041 862 2111 per
879 2017 1024 2087 coelum
1040 2013 1211 2089 cornibus
1228 2014 1317 2096 ibit;

337 2132 456 2204 Totus
475 2151 510 2204 et
530 2133 592 2204 ille
614 2133 716 2220 dies,
746 2148 782 2202 et
803 2133 867 2225 qui
888 2150 1075 2203 nascenttu
1094 2130 1140 2202 ab
1160 2130 1226 2203 illo

338 2246 513 2319 Eructum
530 2248 576 2318 ad
594 2271 781 2338 mensem,
808 2247 933 2341 pluvia
951 2247 1141 2340 ventisque
1163 2246 1356 2321 carebunt:

336 2361 509 2457 Votaque
529 2363 651 2435 servati
670 2365 809 2435 solvent
828 2361 866 2431 in
886 2363 989 2433 litore
1006 2381 1134 2434 nautae

336 2477 505 2568 Glauco,
527 2497 562 2549 et
582 2478 793 2572 Panopeae,
819 2494 854 2548 et
874 2478 969 2549 Inoo
992 2477 1203 2550 Melicertae.

336 2589 399 2665 Sol
420 2618 571 2688 quoque
589 2612 624 2666 et
644 2593 835 2681 exoriens,
858 2611 894 2665 et
913 2618 1030 2687 quom
1053 2618 1089 2665 se
1109 2592 1243 2665 condet
1263 2593 1302 2664 in
1324 2592 1465 2683 undas,

335 2706 441 2807 Signa
462 2708 592 2779 dabit:
623 2710 739 2781 solem
762 2706 953 2780 certissima
978 2708 1075 2806 signa
1102 2725 1323 2802 sequuntur,

333 2824 381 2896 Et
400 2849 494 2919 quae
513 2848 620 2896 mane
638 2822 761 2913 refert,
791 2841 827 2895 et
853 2847 945 2916 quae
964 2823 1189 2922 surgentibus
1208 2824 1317 2897 astris.

335 2939 403 3011 llle
422 2940 485 3011 ubi
505 2945 709 3013 nascentem
728 2938 879 3011 maculis
897 2939 1079 3011 variaverit
1095 2959 1216 3011 ortum

334 3052 514 3129 Conditus
534 3057 573 3127 in
592 3055 759 3145 nubem,
785 3054 986 3149 medioque
1008 3050 1172 3153 refugerit
1192 3055 1279 3126 orbe
1295 3082 1305 3133 ;

333 3167 496 3265 Suspecti
515 3171 582 3243 tibi
603 3172 674 3243 sint
690 3171 822 3243 imbres
848 3197 855 3240 :
885 3194 1047 3263 namque
1062 3188 1163 3269 urget
1182 3168 1227 3241 ab
1249 3172 1323 3242 alto

332 3284 604 3379 Arboribusqne
624 3286 780 3379 satisque
797 3284 917 3356 Notus
934 3287 1131 3380 pecorique
1151 3286 1298 3358 sinister.

333 3398 408 3472 llut
426 3399 490 3469 ubi
509 3399 575 3471 sub
595 3401 715 3470 lucem
735 3400 845 3470 densa
864 3399 955 3469 inter
975 3399 1101 3469 nubila
1121 3423 1197 3470 sese
1270 3395 1272 3397 ’

333 3514 471 3585 Diversi
495 3532 665 3607 rumpent
684 3512 770 3582 radii
797 3539 806 3580 :
835 3531 896 3582 aut
916 3512 980 3582 ubi
998 3512 1134 3607 pallida
1155 3530 1272 3610 surget

333 3628 485 3700 Tithoni
507 3650 672 3698 croceum
692 3627 860 3719 linquens
877 3625 1013 3699 Aurora
1033 3626 1178 3706 cubile;

333 3742 441 3833 Heu,
471 3743 567 3813 male
584 3759 665 3813 tum
683 3740 782 3813 mitis
800 3739 969 3813 defendet
987 3741 1185 3836 pampinus
1203 3765 1310 3815 uvas:
1336 3799 1339 3805 ,

332 3859 427 3929 Tam
447 3859 563 3929 multa
582 3857 738 3930 intectis
758 3857 932 3953 crepitans
953 3857 1034 3928 salit
1053 3854 1196 3927 horrida
1216 3860 1367 3955 grando.¹

331 3973 445 4044 Hocc'
466 3975 598 4063 etiam,
621 3997 769 4045 emenso
791 3997 909 4067 quom
924 3973 1002 4070 jam
1023 3970 1172 4044 decedet
1187 3973 1382 4071 Olympo,

331 4086 508 4161 Profuerit
527 4090 734 4162 meminisse
752 4088 893 4187 magis:
922 4111 1010 4158 nam
1029 4112 1134 4184 saepe
1152 4089 1321 4180 videmus

331 4204 451 4299 Ipsius
473 4206 511 4274 in
529 4207 631 4277 voltu
654 4205 768 4276 varios
791 4229 900 4276 enare
920 4204 1068 4275 colores.

331 4317 523 4391 Caeruleus
543 4322 704 4415 pluviam
723 4319 935 4411 denuntiat,
963 4321 1087 4418 igneus
1104 4320 1230 4395 Euros.

330 4431 394 4505 Sin
413 4436 574 4506 maculae
592 4436 766 4529 incipient
786 4437 894 4507 rutilo
915 4436 1133 4507 inmiscerier
1150 4436 1248 4533 igni,

330 4549 466 4621 Omnia
484 4569 566 4622 tum
588 4552 716 4648 pariter
741 4571 849 4624 vento
874 4550 1083 4643 nimbisque
1104 4548 1244 4622 videbis

329 4664 482 4742 lienrere.
523 4690 599 4740 non
622 4667 681 4739 illa
704 4667 898 4761 quisquam
918 4691 978 4738 me
1001 4684 1107 4740 nocte
1128 4688 1193 4760 per
1211 4664 1326 4739 altum
