3750 6217
837 718 940 811 64
1155 714 2203 789 GEORGICON
2316 715 2447 787 11.
2562 740 2630 787 v.
2726 716 2909 793 226.

833 880 1015 954 Rara
1049 881 1182 970 sit,
1234 905 1328 950 an
1371 903 1578 977 supra
1615 904 1897 951 morem
1938 879 1997 951 si
2040 877 2259 950 densa
2298 878 2645 975 requiras:

837 997 1074 1070 Altera
1124 993 1498 1068 frumentis
1549 996 1902 1092 quoniam
1944 994 2132 1066 favet
2154 1049 2175 1083 ,
2225 996 2437 1067 altera
2484 994 2802 1066 Baccho:

837 1112 1078 1185 Densa
1113 1112 1341 1209 magis
1381 1109 1660 1201 Cereri,
1702 1110 2048 1183 rarissima
2088 1136 2415 1206 quaeque
2456 1109 2734 1206 Lyaeo:

836 1227 1026 1300 Ante
1062 1229 1307 1298 locum
1343 1226 1579 1321 capies
1625 1227 1893 1316 oculis,
1938 1226 2221 1321 alteque
2251 1224 2543 1326 jubebis

835 1344 929 1414 In
972 1341 1208 1415 solido
1249 1360 1554 1436 puteum
1591 1342 1916 1432 demitti,
1963 1366 2409 1437 omnemque
2446 1365 2753 1437 repones

834 1458 1104 1531 Rursus
1137 1458 1443 1527 humum
1471 1512 1493 1547 ,
1538 1476 1609 1530 et
1646 1456 1959 1552 pedibus
2004 1483 2320 1531 summas
2358 1458 2700 1553 aequabis
2744 1482 3011 1533 arenas.

837 1572 911 1646 Si
952 1574 1292 1662 deerunt,
1330 1598 1603 1662 rarum,
1649 1574 2040 1668 pecorique
2081 1591 2149 1645 et
2180 1574 2449 1647 vitibus
2487 1573 2699 1647 almis

838 1689 1102 1785 Aptius
1138 1687 1316 1759 uber
1347 1688 1516 1768 erit;
1552 1690 1668 1761 sin
1705 1688 1784 1758 in
1824 1712 1949 1760 sua
1986 1713 2201 1784 posse
2240 1688 2607 1788 negabunt

839 1805 952 1877 Ire
994 1805 1152 1875 loca
1178 1858 1198 1893 ,
1241 1822 1313 1877 et
1353 1803 1721 1876 scrobibus
1757 1804 2117 1899 superabit
2153 1822 2325 1876 terra
2365 1805 2697 1901 repletiS,

837 1918 1123 2016 Spissus
1157 1944 1316 2018 ager
1352 1947 1367 1989 :
1427 1919 1668 2018 glebas
1707 1938 2119 1993 cunctantes
2152 1945 2519 2015 crassaque
2555 1939 2746 2018 terga

839 2035 1195 2130 Exspecta
1225 2088 1248 2123 ‚
1289 2054 1360 2106 et
1396 2035 1652 2107 validis
1689 2054 1942 2106 terram
1981 2035 2367 2130 proscinde
2397 2036 2740 2136 juvencis.

839 2148 1034 2223 Salsa
1070 2169 1312 2221 autern
1345 2151 1552 2221 tellus
1575 2205 1595 2240 ,
1645 2170 1714 2222 et
1754 2175 1939 2245 quae
1978 2151 2384 2246 perhibetur
2416 2176 2648 2223 amara
2666 2203 2691 2240 ,

841 2265 1191 2365 Frugibus
1227 2263 1479 2336 infelix
1525 2266 1651 2359 (ea
1690 2290 1823 2336 nec
1858 2268 2292 2339 mansuescit
2329 2266 2592 2339 arando
2619 2320 2641 2355 ,

840 2381 996 2452 Nec
1038 2380 1312 2452 Baccho
1354 2405 1617 2479 genus,
1659 2398 1780 2453 aut
1818 2383 2063 2476 pomis
2096 2408 2219 2455 sua
2252 2384 2555 2455 nomina
2595 2385 2855 2475 servat)

841 2496 1024 2568 Tale
1065 2495 1266 2567 dabit
1309 2498 1680 2590 specimen
1721 2526 1738 2566 ε
1796 2517 1879 2569 tu
1920 2498 2151 2592 spisso
2197 2497 2468 2570 vimine
2507 2499 2761 2593 qualos
2788 2554 2811 2587 ,

841 2610 1173 2705 Colaque
1211 2613 1617 2706 praelorum
1655 2612 1963 2686 fumosis
2001 2612 2244 2708 deripe
2281 2616 2528 2694 tectis;

838 2726 1007 2799 Huc
1039 2752 1201 2826 ager
1238 2728 1358 2799 ille
1394 2730 1627 2799 malus
1652 2782 1675 2817 ‚
1725 2728 2115 2823 dulcesque
2154 2756 2193 2800 a
2227 2727 2553 2805 fontibus
2588 2729 2824 2801 undae

837 2840 956 2914 Ad
995 2843 1300 2938 plenum
1338 2830 1691 2916 calcentur
1725 2872 1742 2912 t
1799 2869 1986 2939 aqua
2022 2844 2441 2918 eluctabitur
2481 2846 2725 2919 omnis

840 2956 1122 3030 Scilicet
1146 3012 1166 3047 ,
1212 2977 1282 3031 et
1321 2960 1616 3057 grandes
1657 2960 1866 3032 ibunt
1904 2985 2033 3056 per
2062 2960 2335 3032 vimina
2376 2980 2643 3061 guttae3

841 3072 940 3145 At
976 3098 1188 3168 sapor
1222 3075 1575 3148 indicium
1621 3074 1832 3148 faciet
1870 3076 2331 3167 manifestus,
2377 3096 2447 3149 et
2485 3102 2608 3149 ora

840 3187 1102 3260 Tristia
1137 3208 1541 3262 tentantum
1581 3217 1791 3264 sensu
1824 3193 2193 3287 torquebit
2230 3218 2525 3265 amaror.

841 3300 1138 3399 Pinguis
1174 3304 1350 3374 item
1389 3330 1572 3397 quae
1609 3307 1699 3377 sit
1731 3309 1946 3379 tellus
1968 3362 1989 3395 ,
2032 3310 2173 3379 hoc
2215 3307 2530 3404 denique
2568 3328 2783 3404 pacto

841 3415 1209 3489 Discimus
1241 3446 1258 3485 ε
1319 3419 1512 3489 haud
1555 3444 1911 3514 umquam
1951 3423 2291 3497 manibus
2315 3427 2573 3524 jactata
2610 3423 2909 3514 fatiscit,

842 3528 985 3602 Sed
1024 3530 1206 3626 picis
1250 3532 1325 3601 in
1370 3559 1652 3604 rnorem
1687 3535 1780 3605 ad
1819 3535 2086 3634 digitos
2128 3540 2453 3614 lentescit
2483 3540 2843 3612 habendo·

841 3646 1167 3717 Humida
1207 3650 1507 3747 rnajores
1540 3648 1787 3723 herbas
1824 3651 1985 3742 alit,
2037 3654 2338 3748 ipsaque
2366 3659 2566 3755 justo

843 3761 1147 3833 Laetior.
1229 3764 1318 3833 ah
1355 3763 1667 3837 nimium
1706 3790 1801 3837 ne
1841 3768 1931 3840 sit
1969 3768 2150 3840 rnihi
2189 3769 2437 3844 fertilis
2473 3773 2594 3844 illa
2619 3824 2645 3862 ‚

841 3875 1005 3954 Neu
1041 3904 1113 3948 se
1205 3880 1625 3952 saevalidaffl
1725 3884 1886 3952 rimi
1982 3916 2002 3952 ι
2058 3908 2130 3955 1η
2335 3953 2338 3956 ,
2473 3937 2474 3940 =
2502 3888 2676 3959 *Ἢ
