3750 6217
887 707 989 779 86
1189 680 3014 789 eEoRo1coN111.v.3912

883 874 1185 945 Munere
1226 870 1323 943 sic
1363 868 1574 938 niveo
1615 869 1816 937 lanae
1841 916 1861 952 ,
1915 861 1972 934 si
2014 860 2289 932 credere
2329 859 2637 958 dignum
2677 874 2823 947 est,

888 990 1039 1059 Pan
1080 988 1255 1057 deus
1287 983 1626 1055 Arcadiae
1666 996 1950 1073 captam
1986 996 2055 1048 te
2080 1031 2100 1066 ‚
2143 975 2385 1065 Luna,
2428 974 2720 1064 fefellit,

890 1103 983 1176 In
1020 1120 1319 1173 nemora
1353 1100 1494 1169 alta
1529 1119 1795 1169 vocans
1840 1119 1854 1161 ε
1916 1117 2049 1163 nec
2087 1109 2169 1162 tu
2204 1092 2620 1187 adspernata
2654 1106 3054 1167 vocantem.

1003 1212 1101 1290 At
1135 1217 1252 1289 cui
1291 1215 1490 1287 lactis
1528 1236 1771 1300 amor,
1821 1209 2129 1304 cytisum
2154 1264 2174 1298 ‚
2218 1210 2559 1303 lotosque
2596 1204 2990 1301 frequentis

888 1314 1028 1405 ille
1065 1358 1291 1403 manu
1318 1378 1341 1422 9
1391 1333 1748 1423 salsasque
1789 1324 1961 1396 ferat
1994 1325 2455 1420 praesepibus
2488 1322 2761 1397 herbas.

889 1450 1086 1521 Hinc
1127 1466 1197 1519 et
1238 1464 1481 1518 amant
1513 1436 1778 1515 fluvios
1818 1442 2048 1539 magis
2072 1495 2092 1531 ,
2140 1466 2219 1513 ac
2255 1440 2486 1538 magis
2521 1439 2741 1511 ubera
2781 1440 3127 1533 tendunt,

888 1565 986 1637 Et
1019 1562 1183 1636 salis
1220 1563 1586 1634 occultum
1620 1558 1933 1631 referunt
1967 1557 2045 1628 in
2076 1559 2254 1629 lacte
2296 1580 2650 1652 saporem.

888 1680 1113 1752 Multi
1143 1681 1296 1777 jam
1338 1694 1654 1748 excretos
1694 1666 2084 1770 prohibent
2122 1700 2163 1744 a
2198 1672 2546 1745 matribus
2583 1672 2853 1746 haedos
2884 1722 2909 1765 ,

892 1796 1277 1887 Primaque
1321 1793 1583 1865 ferratis
1621 1789 2020 1887 praefigunt
2065 1815 2184 1861 ora
2224 1790 2562 1885 capistris.

894 1908 1130 2017 Quod
1171 1925 1498 2014 surgente
1535 1908 1653 1978 die
1691 1907 2000 1977 mulsere
2035 1902 2375 2000 horisque
2416 1905 2690 1977 diurnis
2722 1958 2744 1996 ‚

891 2026 1131 2097 Nocte
1170 2042 1511 2120 premunt
1544 2052 1561 2103 3
1606 2022 1810 2116 quod
1840 2023 1995 2120 jam
2035 2022 2343 2095 tenebris
2387 2040 2457 2094 et
2493 2022 2647 2093 sole
2686 2018 3016 2114 cadente,

894 2139 1047 2212 Sub
1085 2144 1322 2211 lucem
1360 2157 1744 2233 exportans
1780 2137 2071 2209 calathis
2112 2139 2264 2211 adit
2306 2138 2582 2233 oppida
2622 2154 2907 2232 pastor:

895 2252 1044 2327 Aut
1082 2279 1297 2350 parco
1340 2255 1481 2325 sale
1522 2253 1997 2351 contingunt,
2042 2254 2411 2348 hiemique
2445 2269 2829 2349 reponunt.

1012 2360 1166 2440 Nec
1205 2365 1338 2441 tibi
1376 2394 1538 2440 cura
1574 2392 1834 2439 canum
1878 2364 2086 2442 fuerit
2119 2388 2480 2465 postrema
2527 2397 2542 2437 x
2606 2370 2731 2441 secl
2770 2392 2913 2439 una

897 2480 1213 2557 Veloces
1245 2484 1531 2580 Spartae
1568 2486 1884 2574 catulos,
1940 2505 2325 2581 acremque
2363 2484 2820 2573 Molossum,

899 2601 1116 2673 Pasce
1159 2626 1310 2673 sero
1348 2592 1626 2698 pingui.
1704 2618 2115 2694 numquam
2159 2601 2583 2675 custodibus
2630 2600 2775 2670 illis

899 2716 1360 2788 Nocturnum
1402 2714 1698 2788 stabulis
1733 2714 1962 2787 furem
1997 2772 2018 2806 ,
2068 2718 2537 2811 incursusque
2573 2718 2966 2810 luporum,

897 2825 1049 2917 Aut
1082 2830 1453 2927 inpacatos
1492 2858 1532 2902 a
1569 2844 1768 2929 tergo
1805 2828 2122 2905 horrebis
2164 2824 2431 2906 Iberos.

899 2944 1126 3042 Saepe
1165 2946 1377 3019 etiam
1413 2974 1618 3020 cursu
1654 2948 1956 3021 timidos
1996 2950 2291 3048 agitabis
2333 2973 2674 3049 onagrOS‚

899 3062 995 3135 Et
1026 3065 1319 3137 canibus
1355 3066 1682 3159 leporem
1710 3119 1731 3153 ,
1776 3056 2074 3137 canibus
2110 3065 2458 3136 venabere
2499 3064 2765 3137 damam

900 3174 1126 3272 Saepe
1164 3180 1555 3251 volutabris
1596 3183 1848 3274 pulsos
1891 3180 2324 3253 silvestribus
2359 3200 2572 3275 apros

901 3290 1191 3364 Latratu
1236 3295 1552 3365 turbabis
1589 3318 1841 3391 agens,
1883 3298 2309 3390 montisque
2354 3321 2478 3392 per
2520 3297 2706 3368 altos

902 3408 1281 3507 Ingentem
1321 3411 1631 3478 clamore
1667 3434 1949 3505 premes
1985 3412 2076 3481 ad
2111 3414 2282 3483 retia
2321 3425 2629 3483 cervom.

1018 3521 1230 3593 Disce
1274 3541 1344 3593 et
1380 3524 1752 3595 odoratam
1790 3524 2086 3599 stabulis
2125 3526 2517 3599 adcendere
2557 3523 2847 3599 cedrum
2872 3576 2895 3617 ,

905 3636 1434 3731 Galbaneoque
1473 3636 1728 3736 agitare
1763 3642 1990 3737 gravis
2029 3640 2284 3713 nidore
2323 3641 2716 3737 chelydros.

903 3751 1129 3847 Saepe
1169 3753 1303 3825 sub
1344 3748 1646 3826 inmotis
1678 3757 2143 3852 praesepibus
2177 3778 2298 3832 aut
2336 3760 2526 3829 mala
2561 3776 2755 3831 tactu

903 3866 1175 3944 Vifflra
1215 3866 1499 3940 delituit
1603 3873 1891 3944 coelum
1951 3900 2040 3944 ue
2092 3875 2408 3944 exterrita
2452 3872 2668 3944 fnmit:
