3750 6217
361 778 413 849 44
557 750 1082 828 saone-reon
1141 754 1168 828 1.
1228 778 1260 827 v.
1309 770 1377 850 952·

355 916 617 1007 Vimineasque
637 916 740 987 trahit
760 936 894 1007 crates,
918 921 1017 1015 juvat
1034 943 1137 988 arva:
1164 942 1282 1010 neque
1301 918 1406 987 illum

357 1034 463 1103 Flava
482 1030 586 1106 Ceres
604 1032 676 1100 alto
699 1033 948 1125 nequidquam
969 1052 1101 1128 spectat
1119 1033 1309 1127 Olympo:

358 1148 402 1220 Et
428 1147 522 1240 qui,
552 1146 729 1238 proscisso
758 1172 848 1240 quae
873 1148 1013 1220 suscitat
1032 1173 1188 1242 aequore
1211 1165 1328 1245 terga,

357 1262 490 1333 Rursus
513 1261 550 1328 in
573 1260 767 1353 obliquom
790 1289 891 1335 verso
918 1281 1118 1357 perrumpit
1138 1282 1270 1350 autre,

359 1378 578 1467 Exercetque
602 1374 768 1468 frequens
793 1380 985 1467 tellurem,
1017 1398 1123 1472 atque
1151 1380 1302 1471 imperat
1326 1378 1442 1454 arvis..

415 1491 577 1560 Humida
599 1492 747 1563 solstitia
772 1513 879 1586 atque
906 1494 1044 1565 hiemes
1070 1512 1165 1565 orate
1190 1518 1346 1584 serenas,

358 1606 570 1705 Agricolae:
600 1605 750 1678 lribenro
774 1608 964 1679 laetissima
989 1610 1135 1701 pulvere
1160 1607 1268 1697 farra,
1342 1699 1346 1710 Ι

358 1722 488 1793 Laetus
512 1746 612 1817 agen
643 1724 746 1791 nullo
772 1740 911 1791 tantum
932 1747 968 1792 se
990 1721 1104 1816 Mysia
1129 1723 1229 1795 cultu

353 1836 489 1926 Jactat‚
520 1855 554 1905 et
573 1836 649 1930 ipsa
669 1861 747 1907 suas
770 1837 939 1906 mirantur
957 1836 1106 1932 Gargara
1127 1836 1261 1910 messis.

359 1951 460 2060 Quid
480 1951 623 2039 dicam,
643 1953 738 2048 jacto
764 1952 828 2045 qui
854 1953 989 2023 semine
1013 1952 1220 2026 comminus
1243 1977 1320 2021 arva

358 2066 591 2159 Insequitur,
618 2068 856 2160 cumulosque
876 2067 946 2137 ruit
965 2068 1059 2135 male
1078 2066 1222 2163 pinguis
1241 2066 1393 2136 arenae?

358 2180 501 2256 Deinde
526 2181 607 2251 satis
633 2180 786 2252 fluvium
811 2182 973 2270 inducit,
1003 2182 1170 2274 rivosque
1195 2181 1406 2273 sequentis?

357 2297 429 2386 Et,
455 2320 571 2389 quom
592 2314 736 2376 exustus
755 2321 834 2394 ager
855 2296 1092 2368 morientibus
1112 2312 1244 2372 aestuat
1262 2295 1404 2385 herbis,

356 2412 447 2484 Ecce
473 2412 660 2505 supercilio
687 2412 812 2483 clivosi
838 2412 987 2484 tramitis
1017 2412 1155 2491 undam

355 2526 490 2600 Elicit:
522 2526 582 2597 illa
606 2526 735 2598 cadens
760 2552 904 2599 raucum
927 2553 992 2623 per
1011 2528 1101 2597 levia
1119 2551 1282 2598 murmur

355 2641 443 2715 Saxa
462 2640 554 2730 ciet,
581 2641 816 2734 scatebrisque
841 2643 971 2719 arentia
989 2661 1164 2738 temperat
1181 2668 1268 2724 arva.

355 2756 480 2863 Quid,
504 2756 593 2849 qui,
617 2782 663 2826 ne
683 2757 831 2856 gravidis
850 2758 1065 2854 procumbat
1087 2760 1227 2830 culmus
1247 2756 1381 2846 aristis3

354 2871 552 2946 Luxuriem
570 2890 729 2970 segetum
746 2891 863 2945 tenera
882 2873 1041 2970 depascit
1057 2874 1097 2944 in
1113 2872 1243 2961 herba,

354 2986 484 3092 Quom
503 2987 663 3082 primum
689 2990 808 3060 sulcos
827 3007 981 3082 aequant
1002 3007 1071 3061 sata
1096 2991 1112 3059 ?
1142 2989 1279 3083 quique
1305 2983 1450 3080 paludis

354 3102 572 3174 Conlectum
591 3102 783 3179 humorem
802 3103 926 3175 bibula
947 3104 1091 3182 deducit
1108 3103 1241 3175 arena?

353 3216 559 3289 Praesertim
585 3217 725 3291 incertis
748 3220 777 3292 si
800 3220 991 3292 mensibus
1008 3221 1124 3292 amnis
1141 3216 1328 3290 abundans

353 3331 462 3418 Exit,
488 3352 522 3402 et
548 3331 707 3404 obducto
734 3336 803 3406 late
826 3352 923 3406 tenet
946 3337 1070 3410 omnia
1096 3336 1213 3416 limo:‚

348 3446 459 3527 Unde
483 3470 585 3515 cavae
604 3446 729 3541 tepido
752 3448 880 3519 sudant
898 3449 1050 3529 humore
1075 3451 1229 3529 lacunae.

410 3561 486 3632 Nec
495 3559 629 3648 tamen,
638 3561 722 3633 haec
733 3588 849 3656 quom
860 3564 931 3635 sint
941 3562 1409 3657 hominumqueboumque
1421 3558 1561 3646 labotes

350 3675 539 3748 Versando
561 3693 686 3745 terram
710 3677 871 3772 experti,
898 3675 991 3747 nihil
1015 3677 1190 3772 inprobus
1209 3702 1336 3769 anser,

350 3790 646 3886 Strymoniaeque
666 3816 768 3891 grues
786 3844 796 3880 ‚
824 3809 860 3862 et
874 3777 1004 3864 amaris
1025 3792 1150 3872 intuba
1168 3790 1266 3863 fibris
1281 3846 1292 3882 ,

351 3908 544 3996 Officiunt',
570 3924 632 3978 aut
650 3905 778 3977 umbra
797 3923 915 3978 nocet.
958 3906 1058 3984 Pater
1078 3908 1155 4004 ipse
1175 3907 1320 3981 colendi

350 4021 459 4094 Haud
479 4021 620 4094 facilem
644 4047 719 4095 esse
738 4023 834 4093 viam
855 4022 994 4114 voluit,
1018 4023 1229 4119 primusque
1250 4048 1314 4121 per
1337 4040 1446 4097 artem

349 4138 467 4208 Movit
485 4161 612 4236 agros,
637 4131 727 4212 curis
746 4162 876 4213 acuens
899 4139 1063 4221 mortalia
1088 4140 1215 4212 corda:

349 4253 426 4323 Nec
449 4270 587 4348 torpere
607 4252 700 4350 gravi
719 4278 844 4347 passus
864 4277 926 4324 sua
943 4278 1048 4351 regna
1065 4273 1221 4345 vetemqo„

347 4367 442 4440 Ante
458 4367 590 4454 Jovem
611 4368 703 4438 nulli
728 4367 942 4466 subigebant
958 4394 1036 4439 arva
1057 4371 1199 4456 coloni:

347 4482 404 4552 Ne
421 4483 553 4581 signare
574 4483 726 4576 quidem
742 4502 803 4554 aut
826 4483 945 4579 partiri
966 4484 1081 4557 limite
1101 4505 1271 4579 campum

347 4596 412 4687 Fas
440 4617 509 4673 erat
534 4625 544 4668 ι
572 4598 610 4673 in
635 4599 800 4675 medium
824 4599 1039 4696 quaerebant
1059 4600 1246 4697 :ipsaque
1265 4597 1373 4684 tellus
