3750 6217
388 688 912 826 Guonis1coN
971 749 1056 825 IV.
1117 776 1149 826 r.
1201 752 1293 829 aad.
1390 776 1442 846 qq

234 918 372 990 Omnia
391 942 399 986 ε
429 941 496 990 net
511 921 621 994 morti
641 942 716 991 esse
736 918 883 1007 locum,
901 917 964 990 sed
983 919 1063 990 vira
1082 916 1202 987 volare

234 1032 366 1106 Sideris
387 1035 426 1109 in
444 1058 655 1125 numerum,
676 1054 784 1128 atque
801 1034 875 1103 alto
892 1058 929 1105 se
944 1034 1098 1106 condere
1116 1032 1230 1104 coelos

292 1148 328 1219 Si
347 1150 496 1243 quando
517 1151 642 1223 sedern
661 1168 870 1247 augustam,
893 1169 1096 1244 servataque
1113 1148 1224 1227 mella

233 1261 428 1337 'llresauris
450 1266 601 1357 relines,
623 1267 724 1361 prius
742 1263 872 1335 haustu
890 1277 1029 1359 sparsus
1046 1281 1240 1359 aquarum,

234 1380 309 1452 Ore
326 1376 426 1469 lave,
450 1377 645 1476 fumosque
663 1404 777 1453 manu
794 1380 989 1474 praetende
1006 1395 1184 1475 sequaces.¹

235 1495 296 1568 Bis
313 1496 477 1594 gravidos
493 1515 630 1596 cogunt
646 1494 763 1585 letus,
785 1494 861 1566 duo
881 1512 1047 1590 tempora
1066 1495 1209 1568 messisr

235 1606 395 1709 Taygete
415 1611 524 1683 simul
545 1632 586 1684 os
604 1611 702 1685 terris
722 1610 881 1683 ostendit
898 1610 1096 1687 honestum

236 1722 351 1815 Plias,
374 1746 409 1799 et
429 1725 564 1799 Oceani
574 1746 721 1824 spretos
739 1727 834 1823 pede
853 1728 987 1822 repulit
1005 1729 1144 1805 amnis:

237 1838 310 1912 Aut
329 1841 456 1914 eadem
476 1842 573 1916 sidus
591 1842 732 1942 fugiens
749 1841 814 1915 ubi
830 1842 941 1915 Piscis
958 1840 1088 1937 aquosi

234 1955 387 2030 Tristior
403 1954 568 2031 hibernas
588 1961 693 2031 coelo
714 1957 899 2031 descendit
918 1957 958 2029 in
977 1957 1103 2032 undas.

234 2072 313 2145 Illis
332 2072 382 2143 ira
399 2072 557 2147 modum
575 2100 679 2172 supra
698 2092 772 2163 est,
794 2075 981 2169 laesaeque
996 2094 1181 2147 venenum

234 2184 418 2263 Morsibus
437 2189 634 2285 inspirant,
661 2209 697 2264 et
714 2190 852 2286 spicula
871 2205 975 2262 caeca
992 2189 1204 2284 relinquunt

233 2304 384 2376 Adfixae
403 2305 527 2396 venis,
547 2306 758 2400 animasque
778 2306 818 2377 in
833 2307 982 2378 volnera
1001 2321 1157 2401 ponunt„

231 2418 295 2492 Sin
312 2419 441 2493 duram
460 2439 598 2495 metues
618 2422 799 2512 hiemem,
821 2416 1017 2518 parcesque
1035 2420 1178 2509 futuro,

233 2534 494 2631 Contusosque
515 2538 682 2628 animos,
707 2555 742 2608 et
760 2562 813 2610 res
832 2527 1045 2610 miserabere
1064 2535 1208 2616 fractast

230 2648 280 2724 At
300 2649 415 2723 suffire
434 2652 590 2748 thymo,
613 2674 781 2746 cerasque
799 2644 953 2745 recidere
972 2652 1097 2725 inanes

233 2763 327 2870 Quis
347 2763 490 2840 dubitet
510 2769 526 2838 Ρ
556 2792 643 2843 nam
663 2790 769 2862 saepe
788 2765 890 2841 favos
909 2766 1055 2864 ignotus
1074 2765 1198 2839 adedit

232 2875 378 2972 Stellio,
401 2902 437 2955 et
455 2880 623 2980 lucifugis
643 2901 811 2980 congesta
828 2873 963 2955 cubilia
980 2874 1123 2954 blattis:

234 2994 475 3090 Inmunirque
496 2992 625 3070 sedens
642 2989 758 3068 aliena
777 2986 825 3068 ad
844 2992 980 3092 pabula
999 2990 1126 3084 fucus,

232 3107 308 3183 Aut
327 3135 430 3206 asper
448 3109 571 3184 crabro
590 3106 777 3207 inparibus
797 3110 1040 3184 se'inmiscuit
1058 3108 1187 3190 annisa

231 3222 307 3298 Aut
326 3224 448 3297 dirum
465 3226 582 3298 tineae
601 3249 733 3326 genus,
755 3243 816 3301 aut
833 3220 948 3301 invisa
967 3220 1150 3299 Minervae

231 3338 353 3413 Laxos
371 3342 410 3412 in
428 3339 566 3415 foribus
583 3336 771 3438 suspendit
789 3365 915 3414 aranea
932 3366 1054 3416 casses.

232 3453 320 3561 Quo
340 3455 455 3556 magis
473 3457 663 3531 exluustae
679 3456 832 3549 fuerint,
851 3457 924 3530 hoc
942 3459 1056 3531 acrius
1078 3476 1208 3533 ornnes
1263 3470 1266 3474 ’

231 3569 451 3648 incumbent
470 3569 607 3671 generis
626 3573 717 3647 labsi
737 3573 860 3647 sarcire
878 3575 1020 3664 ruinas,

232 3685 544 3782 Conplebuntque
559 3684 683 3780 foros,
709 3709 745 3763 et
761 3687 913 3764 floribus
931 3689 1055 3763 horrea
1072 3706 1203 3763 texant

289 3799 428 3873 sivero
449 3803 660 3897 (quoniam
678 3829 780 3879 casus
798 3801 929 3901 apibus
950 3831 1102 3900 quoque
1116 3822 1261 3883 nostros

231 3915 321 3990 Vita
339 3918 452 4011 tulit)
471 3919 560 3991 tristi
579 3920 802 4018 languebunt
821 3945 973 4015 corpora
990 3919 1146 4013 morbo,

234 4031 352 4139 Quod
367 4034 444 4130 jam
464 4056 542 4106 non
559 4033 681 4112 dubiis
699 4037 834 4132 poteris
854 4059 1069 4136 cognoscere
1090 4036 1218 4139 signias

234 4146 426 4220 Continuo
447 4166 500 4220 est
518 4151 629 4248 aegris
647 4151 737 4224 alius
756 4154 860 4224 color
879 4178 888 4221 ι
917 4151 1060 4224 horrida
1078 4154 1223 4226 voltum

235 4260 425 4335 Deformat
444 4261 576 4336 macies
599 4291 609 4336 r
637 4282 719 4338 turn
739 4289 889 4362 corpora
907 4269 988 4350 luce
1006 4287 1189 4342 carentum

233 4375 438 4474 Exportant
456 4381 580 4470 tectis,
604 4399 640 4453 et
657 4383 769 4455 tristia
786 4380 909 4454 funera
927 4382 1084 4457 ducunt:
1192 4432 1195 4437 ,

234 4490 309 4566 Aut
328 4493 412 4565 illae
431 4492 587 4590 pedibus
606 4508 793 4571 connexae
812 4498 859 4571 ad
879 4499 1008 4571 limina
1024 4497 1201 4596 pendent,

235 4605 312 4699 Aut
326 4609 424 4700 intus
443 4612 572 4691 clausis
590 4633 803 4692 cunctantur
820 4613 860 4688 in
879 4612 1029 4691 aedibus
1048 4640 1200 4706 ornnes,
1264 4604 1270 4619 '

1126 4728 1162 4802 N
1195 4751 1215 4806 a
