3750 6217
513 713 1359 805 bnoRGICON1.v.128.

331 892 468 964 Omnia
487 889 633 971 liberius
649 944 659 979 ,
681 891 785 961 nullo
807 907 1004 983 poscente,
1031 889 1170 962 ferebat.

331 1007 401 1077 Ille
419 1007 559 1076 malum
582 1006 676 1078 virus
698 1005 918 1100 serpentibus
936 1005 1074 1076 addidit
1089 1006 1191 1093 atris,
1253 1032 1255 1043 ·

332 1122 566 1214 Praedariqne
587 1124 697 1215 lupos
712 1121 842 1216 jussit,
865 1138 1097 1215 pontumque
1117 1119 1273 1199 moveri:

331 1236 515 1329 Mellaque
532 1236 688 1307 decussit
707 1235 828 1324 loliis,
853 1235 1047 1331 ignemque
1069 1236 1241 1327 removit,

331 1351 375 1432 Et
396 1352 531 1446 passim
556 1351 638 1424 rivis
659 1351 829 1421 currentia
844 1351 928 1424 vina
946 1352 1122 1444 repressit:

332 1466 379 1538 Ut
401 1467 511 1537 varias
529 1490 613 1537 usus
634 1464 845 1535 meditando
871 1465 1079 1536 extunderet
1100 1483 1188 1537 artes

332 1581 546 1669 Paullatim,
568 1600 602 1651 et
621 1581 726 1651 sulcis
745 1577 914 1650 frumenti
938 1598 1118 1673 quaereret
1136 1578 1306 1669 herbam,

332 1696 377 1767 Et
395 1697 501 1768 silicis
518 1697 620 1777 renis
639 1695 838 1767 abstrusum
859 1695 1046 1765 excuderet
1060 1696 1192 1794 ignem.

332 1811 438 1882 Tnnc
458 1812 559 1883 alnos
575 1812 733 1905 primum
753 1809 852 1880 fluvii
874 1835 1010 1883 sensere
1035 1829 1188 1883 cavatas:

333 1926 457 1998 Navita
477 1945 557 1998 tum
574 1928 683 2025 stellis
703 1950 873 1997 numeros
893 1945 927 1997 et
946 1925 1097 2007 nomina
1116 1925 1229 2023 fecit,

332 2042 513 2131 Pleiadas,
541 2041 706 2138 Hyadas,
735 2043 940 2134 claramque
959 2041 1135 2136 Lycaonis
1152 2041 1299 2125 Arcton,

331 2158 430 2229 Tum
456 2158 592 2251 laqueis
612 2175 747 2252 captare
770 2155 879 2246 feras,
907 2175 941 2228 et
962 2155 1080 2237 fallere
1097 2158 1219 2245 visre,

332 2274 554 2363 Inventum,
587 2293 622 2345 et
641 2297 792 2370 magnos
810 2272 958 2349 canibus
980 2272 1195 2343 circumdare
1216 2274 1333 2348 saltus.

331 2387 451 2482 Atque
472 2388 561 2460 alius
582 2390 695 2466 latum
715 2386 827 2457 funda
844 2391 921 2486 jam
941 2387 1097 2461 verberat
1119 2412 1287 2475 amnem,

330 2500 411 2574 Alta
432 2523 559 2597 petens
584 2533 592 2572 ι
621 2504 826 2601 pelagoque
847 2505 937 2576 alius
957 2504 1060 2575 trahit
1082 2502 1233 2573 humida
1252 2502 1333 2577 lina

332 2617 433 2688 Tum
458 2617 535 2689 feni
557 2620 673 2718 rigor,
697 2637 803 2711 atque
824 2638 960 2718 argutae
982 2603 1116 2690 lamina
1137 2643 1269 2691 serrae:

334 2732 452 2831 (Narn‘
476 2735 584 2829 primi
609 2733 731 2809 cuneis
755 2732 965 2805 scindebant
984 2734 1091 2806 fissile
1110 2733 1287 2831 lignum.)

333 2846 434 2919 Tum
453 2849 563 2919 variae
580 2872 704 2923 venere
728 2866 824 2919 artes.
862 2849 962 2933 labor
983 2848 1108 2925 omnia
1126 2849 1212 2919 vicit

333 2962 539 3056 Inprobus,
564 2982 598 3033 et
620 2963 717 3033 duris
740 2985 867 3057 urgens
883 2963 926 3043 in
947 2962 1052 3033 rebus
1077 2979 1219 3060 egestas.

333 3076 454 3148 Prima
476 3075 581 3147 Ceres
601 3074 692 3146 ferro
711 3075 872 3147 mortalis
889 3092 1020 3147 vertere
1040 3094 1168 3146 terram

334 3189 495 3262 Instituit
515 3218 523 3258 :
554 3214 671 3283 quom
687 3190 766 3289 jam
783 3189 928 3285 glandes
953 3208 1059 3283 atque
1078 3189 1199 3275 arbuta
1218 3214 1329 3263 sacrae

334 3305 533 3377 Deficerent
555 3305 686 3393 silvae,
712 3322 748 3375 et
766 3304 902 3389 victum
923 3305 1084 3375 Dodona
1102 3326 1255 3403 negaret.

332 3421 426 3492 Mox
447 3439 481 3491 et
501 3419 685 3492 frumentis
707 3419 810 3492 labor
826 3420 970 3495 additus
990 3449 998 3489 :
1022 3438 1074 3496 nt
1087 3422 1184 3495 mala
1204 3423 1349 3499 culmos

332 3536 432 3609 Esset
451 3535 607 3634 robigo,
631 3535 821 3634 segnisque
840 3536 993 3613 horreret
1008 3536 1046 3607 in
1068 3535 1157 3611 arvis

334 3650 505 3724 Carduus.
547 3652 722 3723 intereunt
747 3669 907 3750 segetes:
938 3651 1034 3737 subit
1053 3676 1174 3747 aspera
1193 3652 1298 3742 silva,

333 3766 552 3862 Lappaeque
571 3765 769 3858 tribulique
789 3793 800 3834 :-
827 3767 988 3861 interque
1012 3767 1161 3839 nitentia
1183 3769 1277 3841 culta

332 3880 466 3953 lnlelix
485 3881 616 3953 lolium
638 3897 673 3951 et
694 3880 826 3953 steriles
850 3871 1083 3955 dominantur
1107 3905 1246 3951 avenae.

334 3994 450 4100 Quod
470 3995 542 4071 nisi
565 4012 599 4066 et
616 3993 773 4071 adsiduis
796 4013 924 4067 terram
947 3995 1160 4081 insectabere
1180 3996 1316 4086 rastris,

334 4110 381 4182 Et
406 4110 527 4182 sonitu
551 4109 695 4181 terrebis
715 4134 821 4199 aves,
848 4130 882 4182 et
904 4112 992 4183 ruris
1017 4112 1123 4204 opaci

333 4224 437 4297 Falce
455 4250 596 4320 premes
619 4223 785 4315 umbras,
805 4226 972 4320 votisque
990 4227 1168 4309 vocaveris
1190 4224 1365 4299 imbrem:

335 4339 441 4430 Heu,
468 4364 643 4438 magnum
661 4338 805 4413 alterius
827 4340 952 4413 frustra
974 4340 1148 4435 spectabis
1173 4366 1360 4431 acervom,

336 4454 592 4565 Concussaque
617 4453 752 4541 famem
773 4455 810 4528 in
831 4457 928 4535 silvis
947 4457 1106 4539 solabere
1128 4481 1274 4563 quercu,
