3750 6217
356 637 435 777 Ιηο
555 679 1000 756 AENEIDOS
1056 677 1103 754 Vr
1161 686 1195 750 'v.
1247 676 1337 762 787⁴

350 846 536 939 Reliquias
558 873 566 916 ι
595 845 725 917 Troiae
745 848 878 920 cineres
900 865 1007 939 atque
1031 870 1110 918 ossa
1129 861 1309 941 peremne

353 962 567 1056 Insequitur.
611 986 748 1035 caussas
768 964 857 1032 tanti
880 963 963 1034 sciat
985 963 1047 1031 illa
1067 960 1203 1033 furoris

353 1079 438 1172 Ipse
461 1076 552 1146 mihi
574 1100 690 1170 nuper
710 1077 854 1173 Libycis
874 1093 914 1148 tu
934 1074 1031 1148 testis
1054 1078 1090 1146 in
1109 1076 1240 1163 undis,

354 1191 478 1297 Quam
495 1193 635 1261 molem
657 1192 776 1264 subito
801 1193 950 1264 excierit.
991 1191 1099 1262 maria
1118 1192 1243 1261 omnia
1260 1191 1365 1262 coelo

353 1306 521 1393 Miscuit,
541 1303 678 1377 Aeoliis
695 1307 943 1401 nequidquam
963 1307 1050 1379 freta
1072 1306 1261 1402 procellis,

354 1422 402 1491 ln
423 1420 538 1519 regnis
559 1420 660 1491 hocc’
684 1447 767 1495 ausa
785 1424 865 1495 tuis.

355 1535 422 1607 Per
442 1538 555 1608 scelus
572 1560 652 1607 ecce
672 1539 780 1608 etiam
797 1537 964 1610 Troianis
984 1537 1157 1610 matribus
1178 1538 1264 1610 actis

355 1652 499 1723 Exussit
523 1649 629 1721 foede
649 1654 787 1747 puppis
805 1684 813 1733 ;
840 1672 875 1725 et
894 1656 1004 1725 classe
1024 1653 1162 1752 subegit

354 1755 498 1838 Amissa
519 1766 639 1837 socios
661 1766 803 1865 ignotae
824 1770 983 1862 linquere
1004 1784 1120 1840 terrae.
1276 1863 1279 1870 Ι

356 1879 473 1985 Quod
490 1894 665 1975 superest:
688 1907 771 1972 oro,
797 1885 901 1957 liceat
926 1883 1007 1955 dare
1028 1902 1104 1956 tuta
1126 1907 1189 1978 per
1207 1881 1323 1957 undas

355 1994 450 2066 Vela
469 1995 535 2065 tibi
558 2023 566 2064 r
596 1997 700 2069 liceat
720 1987 932 2072 Laurentem
955 1999 1134 2096 adtingere
1154 1998 1357 2093 Thybrimi

358 2105 396 2184 Si
412 2134 577 2184 concessa
596 2131 707 2205 peto,
733 2114 763 2185 si
783 2113 870 2185 dant
894 2140 935 2185 ea
955 2114 1102 2186 moenia
1125 2114 1260 2196 Parcae.

415 2225 515 2297 Turn
536 2224 716 2299 Saturnius
740 2229 826 2300 haec
846 2229 1007 2301 domitor
1030 2230 1136 2300 maris
1160 2229 1273 2300 edidit
1293 2228 1375 2299 altii

358 2343 424 2414 Fas
446 2366 556 2413 omne
576 2357 655 2432 est,
684 2342 882 2437 Cytherea,
910 2345 1002 2416 meis
1022 2364 1056 2415 te
1081 2343 1188 2414 fidere
1205 2343 1338 2442 regnis,

251 2443 256 2452 ’
358 2457 464 2529 Unde
489 2481 599 2556 genus
618 2458 718 2530 ducis
740 2487 748 2527 ι
776 2460 891 2530 merui
918 2478 1075 2552 quoqne.
1116 2484 1220 2554 saepe
1240 2457 1390 2531 furores-

358 2572 553 2667 Conpressi
576 2591 611 2644 et
634 2573 770 2644 rabiem
795 2581 930 2646 tantam
956 2575 1121 2668 coelique
1144 2575 1332 2666 marisque.

358 2688 436 2761 Nec
455 2688 577 2759 minor
598 2688 636 2758 in
655 2690 771 2779 terris,
790 2689 979 2762 Xanthum
999 2686 1257 2782 Simoentaque
1275 2704 1409 2780 testor,

358 2801 498 2876 Aeneae
520 2804 611 2875 mihi
631 2829 712 2876 cura
734 2805 797 2878 tui.
836 2826 952 2897 quom
978 2805 1087 2877 Troia
1109 2803 1266 2876 Achilles

357 2920 567 2991 Exanimata
588 2941 739 3013 sequens
760 2921 959 3019 inpingeret
975 2921 1117 3019 agmina
1138 2922 1273 3009 muris,

357 3025 475 3106 Millia
491 3036 606 3106 multa
624 3036 721 3107 daret
738 3038 831 3126 leto,
858 3042 1109 3135 gemerentque
1127 3036 1252 3130 repleti

358 3146 515 3241 Amnes,
535 3176 601 3222 nec
621 3152 768 3246 reperire
783 3152 880 3223 viam
899 3171 1005 3244 atque
1025 3154 1186 3223 evolvere
1206 3167 1329 3245 posset

360 3265 405 3335 ln
425 3291 521 3335 mare
542 3290 578 3336 se
596 3264 763 3337 Xanthus
784 3293 792 3333 z
822 3266 966 3336 Pelidae
986 3282 1072 3336 tunc
1096 3291 1161 3362 ego
1183 3265 1264 3335 forti

359 3377 602 3477 Congressum
624 3378 791 3469 Aenean,
812 3404 877 3451 nec
895 3381 963 3453 diis
983 3405 1048 3450 nec
1070 3379 1203 3451 viribus
1223 3380 1362 3470 aequiS,

359 3489 467 3564 Nube
487 3518 568 3565 cava
587 3495 687 3587 rapui
710 3522 718 3563 :
747 3519 913 3589 cuperem
933 3519 1049 3586 quom
1069 3514 1198 3564 vertere
1221 3493 1266 3564 ab
1287 3493 1365 3564 imo

358 3605 495 3680 Structa
510 3609 600 3679 meis
620 3609 787 3681 manibus
803 3612 961 3707 perjurae
980 3610 1126 3679 moenia
1146 3608 1286 3678 Troiae.

359 3723 467 3796 Nunc
493 3745 641 3818 quoque
662 3747 764 3795 mens
785 3725 910 3795 eadem
935 3742 1066 3819 perstat
1084 3724 1203 3793 mihi:
1233 3725 1329 3818 pelle
1353 3726 1533 3799 timorem.

359 3838 499 3931 Tutus,
523 3866 616 3934 quos
643 3858 766 3936 optas,
789 3863 915 3935 portus
935 3840 1082 3911 adcedet
1101 3837 1240 3910 Averni.

359 3952 461 4027 Unus
481 3958 544 4028 erit
564 3975 723 4045 tanturn,
745 3956 917 4027 amissum
937 3980 1047 4048 quern
1068 3955 1203 4055 gurgite
1223 3974 1389 4049 quaeret:

359 4068 483 4141 Unum
505 4097 570 4165 pro
594 4073 718 4142 multis
740 4070 880 4142 dabitur
898 4090 1013 4166 capnt.

420 4183 488 4257 His
513 4186 577 4256 ubi
598 4188 687 4257 laeta
710 4185 796 4256 deae
819 4189 1007 4281 permulsit
1030 4203 1173 4281 pectora
1198 4188 1324 4279 dictis,

353 4300 479 4399 Jungit
500 4325 613 4393 equos
629 4326 713 4372 auro
736 4304 899 4401 genitor,
923 4305 1197 4397 spumantiaque
1221 4304 1320 4373 addit

356 4416 468 4488 Frena
488 4414 590 4507 feris,
613 4418 853 4510 manibusque
875 4420 997 4490 omnis
1021 4417 1171 4490 effundit
1191 4417 1355 4490 habenas.

356 4529 530 4620 Caeruleo
553 4552 618 4631 pet
640 4558 783 4609 summa
803 4533 890 4608 levis
913 4536 1014 4607 volat
1033 4558 1187 4627 aequora
1207 4557 1320 4606 curru.
