3750 6217
424 723 873 819 AENEIDOS
931 729 1080 829 V111,
1141 756 1174 803 v.
1222 736 1312 822 556.
1401 759 1480 835 303

268 893 302 964 It
319 894 449 982 timor,
471 913 506 972 et
525 900 641 994 major
658 895 781 975 Martis
796 898 873 992 jam
893 896 1039 991 adparet
1059 897 1190 994 image,

266 1008 365 1098 Turn
383 1032 482 1104 pater
502 996 687 1082 Euandrus
701 1011 863 1095 dextram
882 1014 1081 1110 conplexus
1102 1014 1222 1093 euntis
1255 1068 1258 1075 .

266 1124 418 1215 Haeret,
440 1128 666 1221 inexpletum
685 1128 896 1216 lacrimans,
922 1153 962 1199 ac
980 1114 1064 1198 talia
1081 1126 1193 1207 faturz

264 1242 301 1326 Ο
318 1242 410 1329 mihi
428 1222 636 1339 praeteritos
650 1242 778 1314 referat
798 1244 827 1319 si
842 1243 1012 1336 Juppiter
1029 1246 1163 1345 annos!
1270 1244 1273 1253 ’

265 1355 394 1463 Qualis
411 1384 526 1447 eram,
552 1384 670 1460 quoru¹
691 1360 846 1453 primam
860 1361 978 1439 aciem
1000 1359 1185 1441 Praeneste
1201 1359 1268 1449 suh
1285 1362 1364 1457 ipsa

262 1471 395 1562 Stravi,
421 1493 676 1568 scutorumque
697 1475 840 1564 incendi
861 1475 975 1546 victor
992 1499 1157 1563 acervqs;

263 1587 309 1659 Et
326 1614 446 1688 regem
464 1591 529 1666 hac
549 1590 714 1664 Herilum
734 1591 855 1662 dextra
873 1591 942 1661 sub
960 1590 1102 1690 Tartara
1121 1590 1227 1685 misia

262 1701 431 1777 Nascentl
454 1706 512 1777 cui·
531 1706 592 1786 tris
611 1707 748 1783 animas
765 1707 915 1794 Feronia
931 1725 1045 1797 mater

264 1818 523 1917 (Horrendum
544 1821 663 1917 dictu)
685 1821 848 1911 dederat,
871 1842 969 1894 terna
988 1847 1085 1901 anna
1103 1821 1286 1901 movenda
1303 1855 1312 1906 ;
1344 1859 1349 1887 .·

262 1932 334 2004 Ter
354 1937 427 2006 leto
450 1937 658 2011 sternendus
676 1957 748 2010 erat
768 1967 775 2007 :
806 1936 865 2026 cui
885 1955 971 2009 tunc
989 1957 1110 2008 tamen
1130 1938 1251 2009 omnis

260 2047 420 2123 Abstulit
439 2053 524 2122 haec
542 2053 679 2148 animas
705 2054 843 2141 dextra,
865 2072 900 2123 et
918 2053 1073 2148 totidem
1094 2053 1193 2128 exuit
1208 2055 1325 2130 armis.

259 2162 349 2235 Non
373 2192 439 2264 ego
461 2191 557 2247 nunc
573 2167 669 2247 dulci
691 2171 863 2266 amplexu
884 2149 1072 2245 divellerer*
1085 2151 1266 2261 usquam,

258 2278 373 2370 Nate,
392 2300 456 2363 tuo
482 2310 490 2351 ε
520 2264 639 2376 neque
656 2285 813 2364 finitimo
833 2284 1030 2367 Mezentius
1050 2308 1231 2377 umquam

257 2393 356 2468 Huic
376 2399 484 2492 capiti
506 2400 698 2493 insultans,
720 2419 777 2471 tot
794 2399 885 2482 ferro
906 2425 1007 2475 saeva
1026 2399 1182 2491 dedisset

255 2509 415 2603 Funera,
435 2531 510 2592 tam
529 2516 655 2614 multis
673 2515 852 2585 viduasset
871 2514 1009 2601 civibus
1028 2514 1166 2584 urbem.

256 2622 306 2698 At
324 2652 409 2716 vos,
434 2654 456 2699 o
475 2612 622 2723 Superi,
646 2650 682 2702 et
698 2627 825 2702 divdm
845 2648 886 2713 tu
905 2654 1075 2723 maxume
1095 2646 1208 2705 rector

250 2736 445 2836 Juppiter,
468 2745 633 2835 Arcadii,
658 2771 818 2839 quaeso,
841 2745 1055 2833 miserescite
1075 2743 1185 2843 regis,

253 2852 300 2925 Et
318 2859 448 2951 patrias
467 2860 585 2931 audite
604 2886 733 2953 preces.
778 2861 807 2934 si
822 2860 976 2949 numina
992 2879 1105 2945 vestra

254 2968 486 3053 Incolumem
506 2974 663 3051 Pallanta
679 2976 790 3063 mihi,
813 2975 842 3045 si
860 2974 930 3054 fata
948 2992 1146 3065 reservant,

251 3081 288 3155 si
308 3087 446 3158 visurus
466 3112 550 3180 eum¹
570 3090 674 3176 vivo,
698 3108 733 3162 et
752 3108 921 3167 venturus
942 3090 1135 3192 inunum,

252 3198 379 3273 Vitam
401 3228 467 3299 oro¹
489 3232 497 3274 ε
527 3205 645 3298 patior
662 3200 826 3298 quemvis
844 3204 970 3288 durare
989 3203 1160 3299 laborem,

250 3314 314 3388 Sin
335 3317 494 3410 aliquem
514 3318 704 3414 infandum
723 3344 866 3409 casum,
889 3321 1066 3410 Fortuna,
1090 3320 1257 3405 minarisz
1296 3356 1300 3361 ·

251 3431 377 3522 Nunc,
401 3458 424 3503 ο
446 3459 542 3506 nunc
560 3436 664 3509 liceat
683 3435 866 3521 crudelem
886 3435 1098 3529 abrumpere
1116 3436 1248 3525 vitam,

249 3545 351 3618 Dum
374 3573 475 3620 curae
492 3552 710 3653 ambiguae,
734 3550 825 3636 dum
847 3576 929 3645 spes
950 3554 1080 3624 incerta
1101 3548 1230 3641 futuri,

248 3661 350 3733 Dum
368 3683 420 3753 te,
446 3690 522 3737 care
542 3692 654 3760 puer,
676 3691 758 3767 mea
775 3691 847 3741 sera
868 3685 903 3742 et
921 3668 998 3762 sola
1016 3666 1202 3760 voluptas,

248 3775 444 3872 Conplexu
462 3798 566 3863 teneo
588 3809 595 3850 :
627 3782 763 3880 gravior
787 3806 858 3865 neu
876 3783 1026 3865 nuntius
1044 3782 1136 3853 auris

248 3891 435 3962 Volneret.
476 3894 561 3964 haec
580 3898 717 3993 genitor
736 3878 1005 3994 digressudicta
1026 3920 1196 3990 supremo

246 4005 438 4092 Fundebat
457 4033 464 4075 :
495 4007 621 4083 famuli
640 4011 853 4085 conlabsum
874 4012 912 4081 in
931 4030 1023 4085 tecta
1042 4008 1211 4095 ferebant.

300 4120 460 4212 Jamque
479 4123 571 4207 adeo
592 4126 721 4201 exierat
737 4128 848 4218 portis
867 4128 1044 4220 equitatus
1065 4129 1216 4220 apertis:
1258 4182 1262 4189 .

244 4233 382 4321 Aeneas
403 4239 491 4306 inter
511 4239 672 4332 primos,
696 4260 731 4311 et
749 4240 842 4313 fidus
863 4241 1037 4314 Achates:

245 4351 338 4430 lude
356 4350 415 4421 alii
435 4352 565 4425 Troiae
581 4380 752 4449 proceres.
789 4357 865 4450 ipse
884 4360 1028 4456 agmine
1046 4354 1162 4428 Pallas

245 4466 291 4538 In
309 4467 458 4555 medio,
479 4470 669 4565 chlamyde
689 4488 724 4541 et
742 4471 848 4564 pictis
866 4490 1081 4566 conspectus
1100 4471 1138 4541 in
1156 4473 1287 4546 armis:

243 4580 396 4691 Qualis,
420 4584 482 4658 ubi
503 4586 639 4657 Oceani
664 4584 829 4680 perfusus
848 4586 990 4659 Lucifer
1009 4586 1129 4676 unda,
