3750 6217
357 763 444 840 228·
573 759 1019 838 AENEIDOS
1077 759 1124 832 V.
1183 785 1216 832 r.
1269 779 1359 846 iar.

356 927 403 998 Et
421 927 508 1004 Nox
527 945 598 998 atra
617 928 749 1020 polum
767 924 860 1022 bigis
881 925 1045 996 subvecta
1066 925 1219 996 tenebat.

354 1041 445 1114 Visa
465 1042 594 1113 dehinc
614 1043 718 1112 coelo
740 1041 845 1112 facies
864 1040 1009 1114 delabsa
1030 1042 1184 1135 parentis

355 1158 530 1232 Anchisae
552 1157 671 1228 subito
689 1158 768 1230 talis
786 1155 965 1228 effundere
985 1181 1111 1228 voces:

355 1275 475 1363 Nate,
499 1273 589 1343 mihi
608 1274 680 1348 vita
700 1273 912 1367 quondam,
936 1272 1026 1354 dum
1044 1273 1114 1342 vita
1136 1272 1326 1362 manebat,

355 1389 447 1462 Care
467 1388 602 1486 magis;
623 1406 724 1482 nate,
747 1389 864 1464 Iliacis
884 1388 1036 1460 exercite
1054 1386 1154 1468 latis;

355 1506 518 1600 Imperio
535 1503 635 1592 Jovis
651 1507 721 1577 huc
738 1505 872 1593 venio,
895 1503 959 1596 qui
980 1503 1149 1574 classibus
1170 1505 1292 1602 ignem

355 1621 526 1715 Depulit,
547 1605 582 1691 et
599 1622 709 1715 coelq
725 1620 873 1692 tandem
891 1618 1076 1692 miseratus
1096 1619 1141 1688 ab
1160 1621 1230 1690 alto
1251 1637 1313 1694 est

356 1736 530 1828 Consiliis
548 1760 655 1829 pare,
680 1761 771 1830 quae
792 1758 888 1806 nunc
908 1734 1145 1828 pulcherrima
1166 1734 1301 1807 Nautes

356 1852 430 1925 Dat
450 1851 567 1924 senior
587 1879 597 1940 ς
626 1854 738 1923 lectos
752 1854 929 1950 juvenes,
953 1848 1142 1921 fortissima
1163 1851 1291 1939 corda,

357 1966 465 2040 Deler
484 1967 521 2036 in
544 1967 694 2037 Italiam.
731 1990 817 2065 gens
837 1967 923 2036 dura
944 1984 1051 2057 atque
1073 1991 1194 2059 aspera
1214 1967 1313 2040 cultu

356 2082 583 2165 Debellanda
601 2083 669 2156 tibi
689 2082 792 2153 Latio
812 2101 874 2152 est.
916 2080 1008 2151 Ditis
1026 2098 1147 2152 tamen
1168 2100 1249 2154 ante

357 2198 518 2270 Infernas
538 2196 670 2292 adcede
689 2198 848 2286 domos,
872 2214 907 2268 et
924 2194 1061 2266 Averna
1080 2222 1144 2290 per
1162 2199 1232 2271 alta

358 2314 578 2413 congressus
599 2331 704 2408 pete,
727 2332 833 2401 nate,
854 2336 970 2402 meos.v
1009 2337 1085 2398 non
1106 2338 1165 2383 me
1185 2313 1284 2408 inpia
1299 2337 1458 2414 namque
1556 2299 1558 2304 ⁵

358 2431 502 2502 Tartara
519 2429 676 2516 liabent,
701 2429 814 2499 tristes
833 2426 982 2497 umbrae
998 2458 1007 2506 ;
1038 2428 1101 2499 sed
1120 2453 1273 2501 amoena
1292 2429 1438 2525 piorum

358 2545 546 2633 Concilia,
572 2544 808 2637 Elysiumque
826 2545 920 2616 colo.
959 2544 1028 2615 huc
1048 2563 1140 2616 casta
1159 2543 1295 2638 Sibylla

357 2660 546 2758 Nigrarum
566 2661 683 2731 multo
702 2659 886 2754 pecudum
903 2677 939 2731 te
959 2660 1130 2757 sanguine
1149 2660 1265 2752 ducet,

358 2774 460 2847 Tum
479 2799 590 2874 genus
611 2799 720 2845 omne
740 2771 866 2864 tuum,
887 2794 946 2863 et,
968 2801 1059 2867 quae
1075 2775 1203 2847 dentur
1220 2779 1385 2867 moenia,
1403 2776 1529 2852 disces.

354 2891 510 2984 Jamque
532 2893 617 2980 eale.
661 2907 805 2984 torquet
823 2891 966 2962 medios
984 2891 1070 2967 Nox
1088 2891 1238 2966 lrumida
1256 2918 1397 2967 cursus:

357 3007 405 3080 Et
420 3032 481 3076 rrae
502 3032 622 3079 saevus
643 3008 745 3099 equis
761 3007 891 3080 Oriens
911 3006 1055 3098 adllavit
1072 3008 1217 3079 anhelis.

358 3121 526 3196 Dixerat:
555 3139 589 3193 et
607 3123 725 3206 tenuis
743 3121 856 3220 fugit,
879 3149 945 3195 ceu
967 3121 1110 3213 faunus,
1133 3126 1172 3195 in
1190 3150 1297 3198 auras.

357 3236 514 3324 Aeneas,
540 3237 627 3341 Quo
647 3237 777 3312 deiude
795 3239 899 3308 ruis?
929 3264 1003 3330 quo
1024 3241 1209 3332 proripis?
1232 3242 1371 3334 inquit,

358 3351 490 3454 Quem.
501 3351 594 3450 fugis
616 3355 632 3421 Ρ
663 3369 722 3423 aut
742 3354 823 3444 quis
842 3369 875 3423 te
896 3356 1023 3425 nostris
1043 3356 1282 3446 conplexibus
1301 3355 1428 3432 arcet?

358 3466 456 3552 Haec
472 3490 678 3538 memorans
698 3469 851 3539 cinerem
871 3484 905 3540 et
925 3470 1064 3562 sopitos
1081 3470 1220 3540 suscitat
1238 3471 1348 3567 ignis;

357 3583 663 3680 Pergameumque
687 3582 833 3673 Larem,
856 3601 892 3655 et
911 3609 1016 3654 canae
1037 3585 1228 3676 penetralia
1245 3584 1401 3678 Vestae,

357 3697 458 3774 Farre
477 3699 541 3793 pio
565 3717 599 3770 et
617 3701 723 3795 plena
744 3701 896 3795 supplex
916 3714 1098 3770 veneratur
1121 3724 1241 3770 acerra.

415 3814 607 3910 Extemplo
624 3817 741 3888 socios
760 3817 992 3910 primumque
1012 3815 1149 3889 arcessit
1164 3814 1338 3910 Acesten,

357 3931 403 4020 Et
416 3930 516 4020 Jovis
535 3934 748 4029 imperium,
772 3949 807 4002 et
826 3933 893 4002 cari
912 3949 1093 4026 praecepta
1115 3934 1266 4025 parentis

356 4047 515 4148 Edocet,
538 4069 574 4120 et
596 4074 687 4141 quae
702 4073 798 4118 nunc
820 4049 944 4119 animo
967 4048 1138 4120 sententia
1156 4067 1303 4124 constet

357 4162 585 4252 Haurimora
602 4165 777 4253 consiliis,
801 4189 867 4235 nec
879 4167 976 4264 jussa
993 4181 1126 4242 recusat
1144 4163 1295 4239 Acestes.

356 4279 610 4349 Transcribunt
628 4279 707 4350 urbi
727 4299 854 4352 matres
871 4336 881 4370 ,
907 4284 1164 4376 populumque
1185 4273 1369 4355 volentem

356 4394 580 4487 Deponunt,
606 4395 749 4466 animos
768 4397 817 4465 nil
839 4422 988 4492 magnae
1010 4398 1124 4468 laudis
1145 4419 1295 4494 egentes.

355 4510 432 4605 Ipsi
449 4524 591 4600 transtra
610 4530 764 4600 norant,
787 4511 1015 4606 flammisque
1036 4512 1179 4586 ambesa
1196 4535 1377 4607 reponunt

355 4622 528 4724 Robora:
559 4629 705 4727 navigiis
725 4645 846 4724 aptant
867 4655 1058 4723 remosque
1079 4628 1343 4729 rudentesque,
