3750 6217
500 696 1357 794 Aenetnosx11.v.887.
1470 714 1545 789 tir

331 871 438 981 Quae
452 900 549 949 nunc
566 877 698 947 deinde
711 900 812 945 mora
823 893 874 948 est
887 876 903 945 Ρ
918 893 981 947 aut
996 874 1085 967 quid
1092 875 1169 970 jam
1181 927 1191 961 ‚
1205 872 1347 962 Turne,
1360 888 1522 947 retractas
1532 870 1555 942 ?·
1614 975 1623 980 .

330 991 418 1061 Non
440 1016 565 1081 cursu,
588 994 698 1064 saevis
717 990 925 1062 certandum
946 1007 998 1061 est
1017 989 1225 1060 cornminus
1243 989 1359 1059 armis.

331 1103 441 1176 Verte
463 1109 585 1177 omnis
603 1125 673 1178 tete
693 1107 731 1174 in
751 1104 879 1185 sacies;
904 1117 939 1175 et
959 1105 1150 1191 contrahe,
1174 1101 1358 1196 quidquid

331 1220 412 1290 Sive
431 1222 581 1309 animis,
604 1222 677 1292 sive
696 1238 768 1291 arte
785 1222 880 1292 vales
901 1249 908 1288 :
940 1244 1027 1314 opta
1047 1220 1155 1290 ardua
1173 1219 1304 1311 pennis

331 1335 435 1405 Astra
454 1337 577 1426 sequi,
598 1338 834 1427 clausumque
855 1361 939 1407 cava
959 1353 995 1407 te
1016 1330 1170 1405 condere
1191 1351 1287 1404 terra.

332 1448 402 1519 Ille
423 1466 532 1542 caput
549 1474 739 1542 quassans,
762 1449 850 1519 Non
868 1476 928 1521 me
948 1464 1009 1520 tua
1029 1447 1163 1519 fervida
1180 1462 1310 1519 terrent

332 1562 463 1652 Dicta,
487 1561 589 1634 ferox
606 1596 614 1643 ;
636 1565 687 1633 dii
705 1590 765 1634 me
784 1583 933 1654 terrent,
957 1585 991 1635 et
1007 1564 1174 1657 Juppiter
1193 1563 1317 1634 hostis·

331 1671 410 1748 Nec
431 1679 534 1771 plura
554 1679 699 1768 effatus,
722 1703 848 1750 saxum
869 1674 1113 1772 circumspicit
1132 1678 1277 1774 ingens,
1298 1708 1300 1711 ’

333 1791 466 1872 Saxum
485 1794 704 1885 antiquom,
727 1794 873 1889 ingens,
896 1819 1027 1889 campo
1050 1793 1113 1887 qui
1131 1791 1222 1862 forte
1237 1790 1379 1889 jacebat

335 1903 459 1978 Limes
479 1932 562 2004 agro
582 1910 744 2001 positus,
766 1909 868 1978 litem
886 1929 926 1979 ut
947 1910 1157 1981 discerneret
1173 1906 1273 1979 arvis.

333 2013 411 2092 Vix
429 2017 523 2091 illud
542 2024 623 2094 lecti
644 2022 700 2094 bis
721 2048 781 2094 sex
800 2023 933 2094 cervice
951 2022 1132 2111 subirent,

336 2135 469 2240 Qualia
488 2160 585 2208 nunc
604 2138 799 2240 hominum
818 2139 988 2231 producit
1009 2162 1161 2232 corpora
1178 2138 1295 2207 tellus.

335 2249 405 2321 Ille
425 2275 538 2321 manu
557 2272 701 2345 raptum
720 2253 858 2344 trepida
877 2255 1067 2344 torquebat
1088 2254 1125 2320 in
1141 2252 1303 2340 hostem,

333 2358 454 2435 Altior
473 2365 681 2462 insurgens,
705 2383 740 2435 et
755 2386 858 2435 cursu
879 2366 1041 2435 concitus
1058 2363 1172 2433 heros,

335 2478 406 2549 Sed
427 2503 545 2571 neque
566 2497 765 2548 currentem
786 2502 845 2565 se,
862 2495 931 2569 nec
951 2478 1136 2575 cognoscit
1156 2496 1326 2567 euntem,

337 2591 594 2663 Tollentemve
613 2613 749 2680 manu,
772 2615 973 2685 saxumque
992 2587 1137 2663 inmane
1155 2610 1366 2664 moventem
1377 2620 1389 2677 ς

336 2706 465 2778 Genua
483 2708 628 2779 labant:
659 2708 798 2807 gelidus
819 2695 999 2779 concrevit
1018 2707 1145 2804 frigore
1164 2707 1316 2803 sanguis.
1386 2694 1390 2701 ¹

336 2820 437 2894 Tum
459 2824 550 2917 lapis
571 2824 649 2917 ipse
668 2816 751 2910 viri,
772 2847 927 2904 vacuom
946 2848 1010 2916 per
1030 2824 1134 2891 inane
1154 2822 1318 2911 volutus,

336 2933 417 3008 Nec
436 2938 594 3029 spatium
615 2938 725 3008 evasit
744 2956 890 3025 toturn,
912 2957 980 3007 nec
999 2936 1146 3031 pertulit
1165 2936 1288 3007 ictum.

336 3050 390 3123 Ac
410 3053 509 3122 velut
530 3053 567 3120 in
589 3055 752 3140 somnis,
776 3053 904 3122 oculos
925 3048 989 3121 ubi
1010 3050 1179 3147 languida
1198 3051 1324 3144 pressit

336 3162 456 3236 Nocte
475 3167 598 3259 quies,
621 3157 875 3258 nequidquam
894 3166 1019 3237 avidos
1037 3164 1226 3237 extendere
1241 3186 1365 3240 cursus

336 3275 447 3351 Velle
464 3280 645 3370 videmur,
669 3298 705 3352 et
726 3282 765 3350 in
785 3280 915 3351 mediis
936 3280 1126 3351 conatibus
1145 3281 1238 3378 aegri

337 3392 588 3475 Succidimus;
611 3420 691 3466 non
708 3398 833 3496 lingua
852 3398 970 3485 valet,
994 3413 1243 3489 n0n⁴rorpore
1261 3409 1371 3470 notae

336 3509 528 3582 Sufficiunt
546 3510 659 3601 vires,
686 3535 754 3584 nec
772 3536 847 3582 vox
864 3529 926 3583 aut
944 3511 1050 3582 verba
1068 3531 1290 3605 sequuntur:

338 3623 396 3695 Sic
415 3624 564 3716 Turno,
590 3647 823 3722 quacumque
841 3628 940 3697 viam
958 3626 1087 3698 virtute
1106 3622 1251 3720 petivit,

339 3738 550 3812 Successum
572 3741 640 3813 dea
656 3744 732 3814 dira
751 3760 868 3843 negat.
906 3761 989 3813 tum
1006 3758 1151 3834 pectore
1172 3760 1296 3811 sensus

340 3849 543 3925 Vertuntur
559 3858 653 3928 varii.
689 3857 849 3931 Rutulos
868 3857 1051 3951 adspectat
1070 3873 1105 3926 et
1121 3853 1273 3943 urbem,

341 3967 611 4062 Cunctaturque
631 3989 755 4062 metu,
775 3975 966 4066 telumque
985 3971 1111 4042 instare
1129 3969 1309 4040 tremiscit.

340 4078 419 4153 Nec
438 4108 513 4175 quo
533 4109 570 4154 se
589 4084 731 4177 eripiat,
753 4112 820 4157 nec
841 4113 915 4180 qua
934 4088 970 4156 vi
988 4085 1111 4157 tendat
1133 4084 1170 4153 in
1189 4084 1361 4176 hostem,-

341 4196 421 4269 Nec
439 4221 557 4270 currus
576 4223 733 4291 usquam
749 4202 849 4273 videt
869 4202 1103 4299 aurigamque
1121 4223 1291 4272 sororem.
1350 4177 1361 4196 ⁴

343 4311 538 4384 Cunctanti
560 4316 674 4385 telum
695 4314 834 4387 Aeneas
853 4315 958 4387 fatale
975 4333 1155 4404 coruscat,

343 4425 495 4501 Sortitus
513 4427 696 4500 fortunam
714 4428 852 4509 oculis;
878 4449 914 4501 et
935 4455 1084 4526 corpore
1105 4451 1188 4502 toto

344 4539 499 4618 Eurinus
516 4545 711 4640 intorquet.
748 4546 877 4617 murali
897 4547 1037 4618 concita
1054 4568 1262 4638 numquam

1178 4658 1288 4762 Ges
