3750 6217
393 743 839 825 AENEIDOS
897 744 973 819 IV.
1031 770 1201 845 nqqo.

204 912 349 1004 Testor,
369 936 465 1001 cara,
484 912 594 1002 deos,
623 931 658 984 et
674 931 731 1002 te,
754 936 942 1011 germana,
964 929 1143 1004 tuumque

202 1030 319 1103 Dulce
342 1047 470 1124 caput,
491 1029 645 1126 magicas
667 1028 819 1100 invitam
839 1027 1018 1126 adcingier
1035 1028 1126 1101 artis.

201 1146 262 1219 Tu
281 1164 408 1218 secreta
427 1169 555 1239 pyram
575 1161 670 1216 tecto
690 1144 856 1217 interiere
875 1142 944 1215 sub
963 1168 1063 1216 auras

201 1264 324 1361 Erige,
345 1279 381 1334 et
398 1285 495 1331 arma
513 1260 596 1350 viri,
616 1260 775 1331 thalamo
800 1283 893 1352 quae
912 1257 982 1329 fixa
1000 1258 1146 1352 reliquit
1178 1302 1183 1309 ·

202 1380 353 1473 Inpius,
374 1376 590 1469 exuviasque
609 1375 752 1464 omnis,
778 1376 986 1467 lectumque
1002 1375 1186 1471 jugalem,

202 1493 291 1600 Quo
312 1492 429 1588 perii,
454 1491 724 1586 superinponas.
765 1488 907 1561 abolere
924 1487 1071 1560 nefandi

199 1609 339 1681 Cuncta
358 1608 422 1678 viri
442 1625 682 1685 monumenta
697 1603 802 1703 jubet
822 1622 1070 1697 monstratque
1091 1603 1264 1678 sacerdos.
1320 1646 1323 1651 ·

198 1723 298 1796 Haec
319 1722 420 1795 effata
439 1724 527 1795 silet.
568 1721 686 1815 pallor
703 1720 813 1792 simul
835 1738 987 1813 occupat
1005 1745 1075 1791 ora.

199 1840 286 1913 Non
307 1858 429 1912 tamen
450 1836 554 1909 Anna
572 1836 677 1907 novis
696 1854 895 1930 praetexere
916 1834 1041 1905 funera
1059 1835 1163 1907 sacris
1209 1880 1212 1885 >

198 1954 416 2032 Gentianam
437 1954 571 2040 credit,
594 1976 660 2025 nec
678 1970 799 2022 tantos
817 1968 937 2021 mente
954 1948 1091 2021 furores

1333 773 1410 847 ¹99

197 2070 386 2163 Concipit,
412 2085 472 2140 aut
491 2067 650 2167 graviora
670 2067 797 2157 timet,
819 2090 930 2162 quam
949 2086 1065 2139 morte
1083 2064 1239 2161 Sychaei.
1271 2074 1275 2083 '
1384 2092 1387 2097 ·

196 2184 288 2285 Ergo
305 2188 400 2284 jussa
418 2203 528 2280 parat
617 2276 623 2287 ,

252 2300 300 2372 At
319 2300 460 2397 regina,
487 2326 574 2395 pyra
593 2298 766 2394 penetrali
787 2297 825 2368 in
843 2298 926 2369 sede
947 2296 1015 2370 sub
1037 2322 1137 2372 auras

193 2415 317 2489 Ereeta
337 2416 492 2514 ingenti,
513 2415 625 2487 taedis
643 2431 750 2507 atque
770 2414 851 2484 ilice
871 2432 984 2502 secta,

195 2529 430 2624 intenditque
448 2533 572 2603 locum
595 2530 712 2617 sertis,
733 2548 769 2601 et
787 2527 915 2599 fronde
932 2546 1080 2601 coronat

193 2644 222 2715 F
226 2670 352 2717 unerea
371 2671 379 2723 ;
408 2658 513 2741 super
531 2644 692 2731 exuvias,
717 2668 914 2736 ensemque
933 2645 1124 2732 relictum,

194 2757 431 2858 Effigiemque
450 2782 531 2832 toro
553 2763 669 2846 locat,
692 2758 787 2828 haud
808 2760 926 2856 ignara
943 2758 1063 2833 futuri.

191 2871 294 2947 Stant
313 2899 390 2944 arae
408 2876 565 2965 circum,
588 2893 624 2948 et
640 2874 744 2951 crinis
762 2872 871 2945 effusa
890 2873 1051 2946 sacerdos

190 2988 264 3061 Ter
284 2990 553 3063 eentum'tonat
574 3015 634 3060 ore
655 2988 763 3077 deos,
787 2988 1040 3082 Erebumque,
1065 2987 1282 3080 Chaosque,

193 3104 523 3205 Tergeminamque
546 3106 725 3191 Hecaten,
748 3103 811 3181 tria
828 3102 974 3201 virginis
994 3126 1054 3173 ora
1071 3101 1218 3173 Dianae.
1328 3160 1331 3165 .

190 3219 368 3315 Sparserat
388 3240 424 3294 et
441 3222 561 3293 latices
579 3220 766 3297 simulatos
786 3216 897 3292 fontis
914 3216 1067 3288 Averni:

191 3336 357 3410 Falcibus
377 3354 412 3407 et
431 3361 567 3407 messae
588 3334 633 3409 ad
652 3336 777 3404 lunam
799 3352 1017 3425 quaeruntur
1032 3331 1130 3406 aenis

191 3451 372 3524 Pubentes
390 3451 539 3540 herbae,
565 3449 655 3547 nigri
675 3473 760 3519 cum
782 3451 870 3519 lacte
888 3447 1042 3523 veneni:-

193 3566 383 3673 Quaeritur
400 3586 434 3638 et
453 3565 629 3639 nascentis
646 3564 732 3658 equi
751 3562 798 3634 de
814 3562 932 3637 fronte
951 3564 1129 3667 revolsus,

189 3681 235 3754 Et
252 3682 355 3753 matri
375 3699 579 3776 praereptus
599 3704 710 3753 amor.

191 3798 274 3890 Ipsa
292 3798 416 3885 mola,
435 3796 677 3889 manibusque
693 3796 784 3891 piis,
806 3795 925 3867 altaria
940 3796 1065 3893 juxta,

191 3910 315 3982 Unum
335 3929 441 3981 exuta
460 3911 593 4004 pedem
614 3913 763 3999 vinclis,
786 3912 824 3980 in
841 3929 938 3981 veste
956 3909 1128 3999 recincta,

190 4025 355 4097 Testatur
376 4026 545 4096 moritura
564 4025 675 4116 deos,
702 4044 737 4097 et
754 4025 896 4098 conscia
915 4023 979 4096 fati

190 4138 335 4212 Sidera:
365 4158 466 4230 tum,
491 4141 518 4211 si
540 4141 643 4235 quod
663 4165 740 4211 non
758 4166 878 4233 aequo
897 4139 1042 4212 foedere
1059 4138 1213 4211 amantis

191 4254 306 4327 Curae
324 4280 460 4327 numen
479 4258 605 4345 habet,
623 4256 837 4353 justumque
853 4240 1071 4349 memorque
1086 4272 1254 4349 precatur.
1279 4264 1283 4269 '

246 4370 332 4441 Nox
351 4390 442 4451 erat;
462 4392 497 4445 et
517 4372 702 4468 placidum
720 4371 911 4465 carpebant
930 4369 1022 4441 fessa
1040 4393 1211 4465 soporem

190 4484 352 4581 Corpora
368 4512 433 4582 per
451 4506 577 4577 terras,
602 4488 782 4580 silvaeque
801 4506 836 4557 et
855 4510 957 4558 saera
976 4487 1141 4578 quierant

189 4599 381 4695 Aequora:
409 4628 523 4697 quom
544 4603 669 4676 medio
687 4605 881 4675 volvuntur
901 4600 1013 4673 sidera
1034 4600 1155 4687 laben,
