3750 6217
665 756 861 817 '102
1004 731 2050 818 GEORGICON
2165 741 2329 815 IV.
2448 762 2512 814 v.
2620 738 2807 834 325'.

703 910 959 982 Pulsus
995 935 1200 980 amor
1249 912 1281 980 ?
1340 907 1521 1002 quid
1561 931 1680 976 me
1715 907 2004 978 coelum
2042 929 2315 1000 sperare
2342 902 2649 1007 jubebas
2679 905 2712 976 Ρ

701 1025 813 1098 En
852 1025 1066 1097 etiam
1105 1025 1298 1096 hunc
1338 1023 1582 1119 ipsum
1619 1021 1803 1093 vitae
1834 1020 2160 1092 mortalis
2194 1024 2589 1109 honorem,

702 1140 950 1246 Quem
985 1139 1165 1211 mihi
1198 1140 1322 1211 vix
1353 1137 1639 1237 frugum
1677 1149 1750 1208 et
1784 1135 2154 1232 pecudum
2188 1136 2513 1212 custodia
2552 1137 2803 1211 sollers

701 1257 975 1329 Omnia
1015 1256 1316 1328 tentanti
1353 1254 1754 1340 extuderat‚
1801 1269 1871 1323 te
1910 1269 2132 1323 matre
2155 1308 2177 1343 ,
2215 1254 2569 1348 relinquo.

703 1370 910 1476 Quin
946 1396 1106 1469 age,
1149 1389 1220 1442 et
1259 1370 1412 1465 ipsa
1450 1393 1674 1440 manu
1711 1364 1954 1439 felices
1990 1392 2154 1440 erue
2192 1370 2399 1442 silvas
2431 1399 2449 1445 ς

705 1484 835 1558 Fer
871 1478 1163 1559 stabulis
1198 1477 1575 1557 inimicum
1617 1485 1898 1582 ignem,
1939 1502 2153 1575 atque
2192 1474 2501 1557 interfice
2538 1504 2845 1557 messes:

704 1601 845 1673 Ure
887 1620 1072 1692 sata,
1118 1622 1188 1674 et
1225 1597 1537 1681 validam
1580 1601 1657 1670 in
1697 1600 1862 1670 vitis
1902 1599 2161 1671 molire
2197 1601 2639 1695 bipennem;

704 1711 938 1790 Tanta
973 1742 1175 1789 meae
1215 1714 1273 1788 si
1310 1732 1381 1789 te
1421 1731 1760 1811 ceperunt
1797 1714 2026 1785 taedia
2065 1705 2314 1788 laudis.

820 1832 918 1906 At
955 1852 1180 1905 mater
1214 1833 1535 1907 sonitum
1574 1831 1893 1903 thalamo
1937 1829 2070 1901 sub
2111 1829 2432 1903 fluminis
2467 1830 2589 1900 alti

703 1946 956 2022 Sensit.
1037 1974 1198 2020 eam
1233 1950 1497 2021 circum
1533 1944 1814 2017 Milesia
1849 1947 2108 2018 vellera
2146 1936 2529 2041 Nymphae

706 2054 1154 2159 Carpebant,
1197 2054 1391 2159 hyali
1432 2082 1664 2137 saturo
1706 2060 1938 2133 fucata
1978 2064 2269 2135 colore:

704 2179 1134 2275 Drymoque
1166 2234 1187 2270 ‚
1231 2179 1673 2271 Xanthoque
1699 2232 1720 2268 ‚
1771 2176 2133 2277 Ligeaque
2157 2233 2178 2268 ‚
2232 2175 2864 2272 Phyllodoceque,

706 2294 1109 2367 Caesariem
1149 2294 1406 2367 effusae
1442 2292 1746 2381 nitidam
1787 2319 1915 2387 per
1954 2294 2257 2366 candida
2296 2293 2525 2365 colla:

706 2402 1193 2507 Cydippeque
1221 2464 1243 2501 ,
1285 2419 1355 2483 et
1393 2408 1574 2481 flava
1609 2408 1980 2505 Lycorias;
2025 2409 2234 2482 altera
2268 2410 2465 2508 virgo
2495 2465 2517 2498 ,

703 2520 943 2601 Altera
977 2542 1133 2598 tum
1173 2526 1452 2622 primos
1490 2525 1803 2597 Lucinae
1843 2544 2130 2620 experta
2168 2524 2446 2596 labores
2477 2553 2495 2604 ς

705 2638 1023 2736 Clioque
1063 2659 1133 2714 et
1172 2640 1390 2713 Beroe
1428 2666 1666 2732 soror,
1706 2640 2167 2715 Oceanitides
2200 2640 2495 2717 ambae;

705 2755 986 2829 Ambae
1021 2782 1190 2828 auro
1213 2812 1234 2847 ‚
1283 2758 1496 2853 pictis
1535 2756 1888 2829 incinctae
1926 2757 2242 2852 pellibus
2280 2753 2577 2835 ambae;

704 2866 947 2968 Atque
986 2871 1270 2968 Ephyre
1292 2928 1313 2965 ,
1354 2891 1570 2967 atque
1603 2872 1834 2968 Opis,
1880 2892 1951 2945 et
1984 2865 2151 2945 Asia
2190 2871 2559 2966 Dei‘opea3

706 2985 798 3061 Et
835 2988 1129 3062 tandem
1166 2990 1424 3084 positis
1457 2990 1674 3060 velox
1713 2986 2055 3061 Arethusa
2097 2988 2383 3087 sagittis.

707 3103 902 3177 Inter
936 3128 1112 3198 quas
1151 3126 1390 3176 curam
1433 3104 1785 3199 Clymene
1824 3104 2144 3177 narrabat
2182 3104 2473 3175 inanem

705 3209 1064 3307 Volcani,
1109 3219 1500 3314 Martisque
1540 3219 1792 3308 dolos,
1843 3238 1913 3291 et
1949 3219 2185 3291 dulcia
2220 3216 2446 3296 furtu

699 3332 917 3428 'Aque
957 3330 1158 3404 Chao
1200 3331 1464 3407 densos
1498 3331 1749 3406 divom
1790 3335 2208 3406 numerabat
2248 3356 2545 3405 amores.

707 3447 1048 3519 Carmine
1090 3472 1241 3542 quo
1285 3466 1571 3544 captae,
1611 3447 1796 3519 dum
1834 3449 2011 3522 fusis
2050 3451 2303 3522 mollia
2342 3471 2567 3545 pensa

706 3560 1169 3652 Devolvunt‚
1212 3562 1469 3635 iterum
1511 3582 1859 3637 maternas
1899 3566 2167 3661 inpulit
2200 3564 2389 3637 auris

704 3676 975 3751 Luctus
1011 3672 1353 3769 Aristaei,
1383 3678 1767 3772 vitreisque
1807 3680 2152 3753 sedilibus
2196 3702 2453 3753 omnes

703 3792 1163 3888 Obstupuere
1207 3821 1222 3862 ε
1285 3794 1409 3866 sed
1448 3812 1611 3867 ante
1650 3792 1821 3867 alias
1857 3793 2203 3869 Arethusa
2243 3819 2521 3870 sorores

731 3916 747 3944 ι
943 3912 955 3920 “
1007 3912 1019 3937 ⁸?
1099 3941 1101 3944 ,
1128 3942 1130 3944 ,
1451 3948 1463 3956 ,
1575 3916 1595 3956 g
1631 3937 1683 3948 „
1715 3944 1735 3956 .
1772 3944 1812 3956 Η
2160 3937 2163 3939 .
2445 3940 2447 3943 .
