3750 6217
1029 502 1186 579 194
1389 482 2283 560 AENEIDos
2400 450 3187 579 1V.v.325.''

1015 645 1285 722 Saltem
1325 652 1382 724 si
1425 676 1568 745 qua
1609 652 1788 723 mihi
1832 651 1925 721 de
1970 668 2039 723 te
2082 670 2405 745 suscepta
2442 650 2689 725 fuisset

1014 766 1204 840 Ante
1245 766 1488 865 fugam
1528 768 1814 839 suboles
1839 797 1868 847 .;
1917 768 1976 839 si
2015 768 2178 861 quis
2212 766 2393 839 mihi
2433 768 2765 862 parvolus
2800 766 2985 841 aula

1017 880 1330 954 Luderet
1365 882 1680 971 Aenon,
1733 884 1859 976 qui
1900 903 1967 956 te
2002 902 2243 955 tamen
2289 907 2407 952 ore
2446 882 2761 963 referret:

1015 997 1194 1069 Non
1233 999 1572 1091 equidem
1610 1001 1917 1070 omnino
1955 1018 2155 1093 capta
2195 1023 2273 1068 ac
2314 999 2579 1071 deserta
2619 998 2913 1073 viderer.

1133 1113 1422 1185 Dixerat
1461 1142 1476 1183 :
1537 1114 1658 1184 ille
1690 1114 1895 1203 jovis
1934 1116 2227 1187 monitis
2268 1115 2542 1187 inmota
2580 1114 2873 1197 tenebat

1015 1230 1364 1317 Lumina,
1413 1250 1484 1301 et
1525 1230 1838 1302 obnixus
1875 1256 2115 1303 curam
2158 1230 2289 1300 sub
2332 1231 2545 1301 corde
2584 1228 2991 1326 premebat.
3106 1222 3113 1227 ⁸

1017 1346 1356 1417 Tandem
1400 1371 1626 1441 pauca
1661 1344 1864 1417 refert
1908 1375 1923 1415 ε
1986 1346 2137 1445 Ego
2180 1364 2247 1415 te
2272 1400 2291 1433 ,
2344 1371 2525 1438 quae
2566 1346 2879 1440 plurima
2912 1342 3177 1423 fando

1016 1460 1450 1545 Enumerare
1479 1464 1667 1533 vales
1691 1517 1711 1550 ,
1757 1486 2162 1555 numquam
2187 1516 2207 1549 ,
2250 1460 2519 1559 Regina
2554 1517 2575 1551 ‚
2616 1460 2899 1561 negabo

1017 1578 1533 1649 Promeritamz
1593 1602 1725 1649 nec
1766 1603 1885 1649 me
1928 1577 2341 1649 meminisse
2377 1578 2655 1676 pigebit
2688 1576 3011 1669 Elissae,

1017 1692 1220 1766 Dum
1261 1718 1549 1763 mernor
1588 1694 1741 1787 ipse
1781 1694 1929 1764 mei
1952 1749 1973 1783 ‚
2023 1694 2200 1763 dum
2241 1694 2525 1789 spiritus
2560 1694 2695 1765 hos
2731 1712 2931 1793 reget
2966 1714 3213 1769 artu&

1017 1809 1158 1881 Pro
1199 1834 1272 1879 re
1311 1834 1534 1903 pauca
1573 1811 1845 1902 loquar.
1921 1833 2158 1902 neque
2200 1834 2331 1905 ego
2370 1808 2553 1879 hanc
2591 1808 3047 1881 abscondere
3096 1810 3315 1887 furto

1015 1924 1347 2019 Speravi,
1391 1949 1482 1995 ne
1523 1924 1749 2022 finge,
1795 1923 2083 2023 fugam;
2130 1948 2260 1995 nec
2300 1925 2624 2023 conjugis
2660 1949 3035 2021 umquam

1017 2040 1388 2113 Praetendi
1429 2040 1702 2131 taedas,
1754 2058 1877 2110 aut
1913 2040 2084 2110 haec
2126 2040 2201 2109 in
2244 2038 2528 2110 foedera
2565 2040 2751 2114 veni.

1013 2156 1141 2227 Me
1186 2156 1240 2227 si
1283 2154 1420 2225 fata
1455 2156 1633 2225 meis
1669 2172 2069 2249 paterentur
2110 2156 2365 2227 ducere
2402 2156 2623 2226 vitam

1014 2267 1405 2363 Auspiciis,
1453 2290 1522 2341 et
1559 2290 1816 2365 sponte
1855 2296 2018 2340 mea
2058 2295 2469 2365 conponere
2506 2294 2737 2349 curas}

1016 2384 1288 2465 Urbem
1325 2386 1712 2457 Troianam
1752 2386 2072 2480 primum
2112 2387 2487 2481 dulcisque
2526 2410 2857 2459 meorum

1013 2500 1383 2593 Reliquias
1424 2504 1732 2572 colerem
1773 2529 1788 2569 ε
1851 2502 2111 2575 Priami
2152 2520 2329 2574 tecta
2367 2504 2505 2575 alta
2539 2518 2945 2583 manerent2

1014 2616 1109 2689 Et
1142 2618 1438 2689 recidiva
1475 2642 1699 2689 manu
1739 2618 2142 2713 posuissem
2184 2618 2518 2715 Pergama
2558 2618 2775 2689 victis.

1013 2731 1154 2803 Sed
1196 2758 1388 2805 nunc
1433 2734 1716 2805 Italiam
1751 2758 2088 2832 magnam
2134 2732 2459 2828 Gryneus
2494 2733 2771 2827 Apollo
2796 2786 2819 2823 ,

1014 2847 1300 2919 Italiam
1341 2849 1596 2944 Lyciae
1618 2852 1883 2949 jussere
1923 2874 2282 2943 capessere
2320 2868 2556 2922 sortes.

1013 2962 1214 3036 Hicc’
1255 2988 1496 3051 amor,
1541 2965 1712 3036 haec
1752 2966 1973 3058 patria
2010 2984 2130 3035 est.
2211 2967 2265 3037 si
2310 2984 2377 3036 te
2420 2963 2857 3063 Carthaginis
2895 2990 3109 3042 arces

1012 3078 1516 3167 Phoenissam,
1566 3078 2019 3173 Libycaeque
2060 3080 2433 3173 adspectus
2474 3082 2745 3150 detinet
2780 3079 3021 3161 urbis;

1012 3191 1224 3296 Quae
1265 3193 1598 3281 tandem,
1647 3191 1971 3267 Ausonia
2007 3193 2323 3266 Teucros
2363 3196 2731 3268 considere
2769 3212 2937 3266 terra
2964 3248 2991 3286 ,

1013 3308 1298 3380 Invidia
1333 3328 1436 3379 est
1489 3308 1520 3378 ?
1581 3326 1652 3379 et
1691 3331 1829 3380 nos
1862 3307 1966 3381 fas
2006 3328 2237 3380 extera
2274 3334 2602 3403 quaerere
2639 3335 2868 3409 regna.

1008 3422 1134 3495 Me
1175 3422 1390 3519 patris
1426 3422 1772 3494 Anchisae
1796 3478 1817 3513 ,
1865 3425 2208 3519 quotiens
2241 3426 2707 3515 humentibus
2743 3422 3025 3501 umbris

1008 3540 1182 3611 Nox
1228 3539 1463 3634 operit
1495 3557 1701 3611 terras
1727 3592 1748 3629 ‚
1801 3540 2139 3632 quotiens
2177 3559 2353 3612 astra
2391 3543 2592 3640 ignea
2634 3559 2967 3640 surgunt,
3024 3544 3029 3549 ’

1005 3652 1382 3727 Admonet
1415 3656 1493 3725 in
1535 3655 1810 3727 somnis
1851 3672 1921 3725 et
1954 3653 2235 3726 turbida
2271 3673 2474 3727 terret
2507 3658 2746 3755 imago
2766 3686 2789 3737 z.

1005 3768 1132 3841 Me
1171 3794 1351 3863 puer
1386 3768 1728 3841 Ascanius
1752 3823 1774 3858 ‚
1823 3770 2221 3865 capitisque
2256 3771 2507 3868 injuria
2542 3774 2675 3849 cari
2700 3826 2725 3861 2

1137 3914 1241 3950 ¹¹*
1321 3914 1493 3950 =*!‘*
1569 3911 1788 3950 *¹¹⁸1*
1905 3918 1925 3931 '⁷
2042 3935 2116 3950 ιἸ
2190 3918 2210 3950 Ι
