3750 6217
607 700 948 774 reuoca
1004 702 1052 801 x.
1111 726 1143 771 v.
1190 699 1252 771 se.
1478 718 1527 812 ³?

322 870 407 962 Jam
430 890 550 963 neque
574 864 841 965 Hamadryades
859 892 1022 959 rursum,
1048 890 1116 938 nec
1135 864 1291 937 carmina
1310 860 1421 935 nobis

326 987 412 1081 Ipsa
435 987 577 1080 placent
599 1012 606 1052 :
635 984 732 1080 ipsae
749 1007 888 1055 nusum
908 983 1094 1055 concedite
1114 983 1230 1055 silvae.

327 1101 416 1173 Non
434 1102 539 1171 illum
557 1100 670 1172 nostri
688 1117 842 1195 possunt
858 1116 994 1169 mutare
1013 1098 1171 1170 labores:

329 1217 406 1288 Nec
431 1217 459 1288 si
483 1214 670 1313 frigoribus
690 1212 818 1285 mediis
843 1212 1080 1308 Hebrumque
1099 1212 1295 1302 bibamus,

329 1332 583 1424 Sithoniasque
603 1329 702 1401 nives
724 1328 854 1401 hiemis
874 1327 1066 1401 subeamus
1091 1351 1274 1422 aquosae,

330 1446 408 1518 Nec
429 1447 486 1536 si,
519 1469 636 1539 quom
655 1444 814 1516 moriens
834 1446 903 1516 alta
923 1443 1013 1515 liber
1029 1463 1101 1517 aret
1121 1444 1159 1513 in
1181 1444 1315 1532 ulmo,

330 1562 554 1657 Aethiopum
574 1582 755 1631 versemus
772 1558 850 1631 ovis
870 1559 937 1632 sub
955 1560 1067 1632 sidere
1085 1558 1221 1631 Cancri.

332 1677 470 1749 Omnia
489 1675 599 1747 vincit
619 1673 761 1746 Amor:
789 1691 825 1745 et
843 1698 913 1747 nos
933 1675 1102 1749 cedamus
1119 1672 1258 1745 Amori.

390 1793 487 1864 Haec
510 1809 561 1864 sat
582 1790 672 1879 erit,
695 1787 830 1878 Divae,
856 1810 1011 1864 vestrum
1033 1791 1201 1864 cecinisse
1225 1798 1394 1883 poetam,

334 1908 433 1981 Dum
457 1909 581 1996 sedet,
608 1923 644 1977 et
662 1906 781 2005 gracili
800 1905 971 1980 fiscellam
990 1907 1078 1979 texit
1100 1905 1265 1995 hibisco,

334 2024 497 2096 Pierides.
542 2047 609 2095 vos
633 2022 718 2092 haec
740 2019 872 2095 facietis
891 2047 1062 2096 maxuma
1084 2020 1215 2093 Gallo:

336 2138 443 2211 Gallo
461 2194 471 2229 ,
495 2139 595 2239 cujus
612 2161 714 2211 amor
731 2153 871 2211 tanturn
889 2138 981 2209 mihi
1001 2138 1121 2211 crescit
1138 2136 1175 2207 in
1198 2136 1303 2207 horas
1316 2153 1333 2226 ,'

335 2254 525 2360 Quantum
543 2278 624 2327 vere
646 2276 744 2323 novo
769 2252 891 2328 viridis
913 2278 951 2328 se
972 2255 1114 2354 subjicit
1138 2254 1253 2329 alnus..

335 2370 525 2470 Surgamus
545 2398 552 2438 :
582 2369 674 2441 solet
692 2392 766 2440 esse
785 2371 897 2467 gravis
918 2370 1140 2443 cantantibus
1157 2367 1295 2439 umbra.

332 2484 496 2582 Juniperi
517 2484 627 2585 gravis
645 2482 798 2593 umbra:
827 2505 961 2560 nocent
980 2506 1015 2560 et
1032 2484 1192 2586 frugibus
1212 2483 1369 2555 umbrae.

338 2600 393 2674 Ite
412 2601 569 2679 domurn
593 2618 746 2692 saturae,
771 2604 871 2682 venit
888 2603 1093 2703 Hesperus,
1118 2601 1194 2695 ite,
1217 2600 1383 2701 capellae.
