3750 6217
440 875 1516 1153 Aruernos

574 1258 810 1372 truta
859 1254 1366 1356 rannemirus,
1414 1205 1422 1212 ’

364 1550 670 1630 OCEANUM
692 1552 823 1624 interea
845 1576 988 1651 surgens
1009 1550 1145 1623 Aurora
1165 1532 1322 1646 reliquit.

365 1671 531 1756 Aeneas,
556 1691 782 1761 quamquam
806 1688 842 1741 et
863 1668 970 1740 sociis
995 1668 1081 1747 dare¹
1100 1686 1248 1761 tempus
1272 1661 1474 1746 humandis
1510 1746 1512 1748 ,

370 1783 610 1877 Praecipitant
628 1807 753 1872 curae,
775 1784 987 1878 turbataque
1007 1780 1135 1866 funere,
1152 1805 1257 1884 mens
1277 1798 1353 1870 est,

368 1900 470 1971 Vota
491 1898 749 1991 derimprimo
771 1899 886 1994 victor
908 1897 1072 1986 solvebat
1091 1896 1185 1998 Eoo..

372 2018 564 2111 Ingentem
587 2037 763 2105 quercum
777 2013 913 2085 'decisis
934 2013 1098 2105 undique
1120 2011 1228 2083 ramis

373 2121 571 2206 Constituit
590 2130 762 2217 tumulo,
787 2126 1032 2225 fulgentiaque
1058 2126 1180 2198 induit
1204 2150 1327 2216 arma,

368 2244 523 2334 Mezenti
546 2242 649 2313 ducis
673 2243 838 2321 exuvias:
864 2242 955 2332 tihi,
980 2266 1134 2341 magne,
1161 2257 1374 2335 tropaeum,

370 2359 625 2451 Bellipotens:
656 2375 753 2451 aptat
776 2358 926 2430 rorantis
949 2359 1128 2456 sanguiue
1143 2356 1286 2445 cnstas,

369 2473 532 2564 Telaque
554 2490 677 2550 trunca
698 2473 787 2560 viri,
816 2472 928 2554 ethis
951 2497 1011 2546 sex
1032 2474 1175 2546 thoraca
1199 2472 1358 2566 petitum

371 2586 652 2678 perfossumque
672 2588 761 2659 locis
785 2614 792 2653 :
823 2590 1057 2681 clipeumque
1079 2612 1124 2657 ex
1145 2613 1221 2659 aere
1247 2584 1405 2657 sinistrae

370 2701 555 2799 Subligat,
578 2684 688 2793 atque
704 2726 827 2774 ensem
844 2704 947 2793 collo
960 2702 1150 2797 suspendit
1169 2703 1361 2792 eburnum.

372 2817 472 2886 Tum
493 2816 633 2904 socios,
657 2839 817 2924 namque
836 2818 959 2898 omnis
980 2843 1068 2896 eurn
1087 2819 1214 2915 stipata
1236 2814 1377 2916 tegebat

370 2930 494 3025 'stuba
516 2930 679 3038 ducum,
707 2933 756 3004 sic
777 2932 954 3027 incipiens
973 2934 1132 3029 hortatur
1153 2932 1317 3005 ovantis:

428 3031 603 3118 Maxuma
626 3071 680 3118 res
703 3045 845 3136 effecta,
867 3048 932 3120 viri
953 3076 960 3118 :
981 3040 1102 3150 ¹timor
1124 3048 1245 3125 omnis
1268 3044 1414 3134 abesto,

373 3161 489 3267 Quod
512 3177 671 3255 superest
693 3189 701 3229 ι
730 3163 819 3247 haec
838 3181 922 3240 suut
943 3144 1062 3256 spolia
1069 3218 1079 3251 ,
1106 3182 1141 3235 et
1161 3164 1206 3233 de
1228 3185 1307 3259 rege
1331 3157 1493 3255 superbo

373 3276 585 3361 Primitiae:
616 3276 859 3370 manibusque
881 3278 972 3355 meis
996 3277 1194 3355 Mezentius
1218 3276 1305 3346 hitc’
1330 3293 1392 3347 est.

373 3392 482 3461 Nunc
505 3390 569 3459 iter
590 3389 635 3463 ad
658 3415 774 3487 regern
798 3391 905 3464 nobis
926 3417 1126 3485 murosque
1153 3393 1311 3463 Latinos.

374 3506 484 3577 Arma
503 3518 620 3597 parate
644 3505 796 3594 animis,
820 3524 854 3576 et
873 3531 936 3600 spe
958 3509 1175 3601 praesumite
1193 3508 1352 3576 bellum:

374 3621 431 3691 Ne
454 3644 526 3711 qna
548 3643 648 3715 mora
666 3606 838 3717 ignaros,
852 3621 915 3689 ubi
939 3622 1099 3714 primum
1123 3625 1251 3705 vellere
1273 3620 1372 3718 sigua

376 3734 577 3808 Adnuerint
595 3733 743 3827 Superi,
766 3736 980 3829 pubemque
1003 3737 1153 3807 educere
1175 3737 1316 3825 castris,

376 3850 570 3944 Inpediatr
597 3851 755 3946 segnisve
777 3870 876 3930 metu
900 3852 1072 3926 sententia
1091 3853 1213 3929 uidet.

378 3967 518 4035 Interea
541 3966 658 4036 socios
681 3965 937 4066 inhumataque
962 3990 1111 4058 corpora
1137 3950 1243 4039 terrae

382 4079 630 4151 Mandemus:
662 4080 725 4171 qui
752 4083 849 4174 qolus
874 4081 993 4181 honps
1014 4080 1218 4166 Acheronte,
1237 4079 1303 4152 sub
1327 4080 1405 4150 imo
1431 4099 1497 4154 est.

379 4195 453 4281 Ite,
475 4192 541 4269 ait;
563 4178 715 4288 egregias
739 4197 898 4281 animas,
921 4220 1012 4288 quae
1036 4199 1206 4294 sanguine
1227 4195 1334 4266 nobis

379 4309 481 4379 Hauc
503 4308 658 4399 patriam,⁴
681 4334 849 4403 peperere
871 4334 960 4396 suo„
990 4309 1154 4384 decorate
1178 4309 1355 4406 supremis

381 4422 591 4494 Muneribus
613 4450 620 4489 :
651 4441 898 4516 maestamque
924 4405 1081 4500 Euandri
1103 4427 1241 4519 primus
1263 4425 1313 4512 ad,
1331 4422 1462 4498 urbem

380 4538 543 4612 Minatur
568 4537 709 4628 Pallas,
736 4564 845 4630 quem
868 4563 945 4612 nou
968 4540 1106 4614 virtutis
1131 4556 1300 4643 ege-,artem
1460 4520 1463 4528 ¹
