3750 6217
366 695 442 766 352
581 669 1032 746 Annnroos
1090 655 1138 744 XI
1197 696 1231 744 va
1278 669 1371 766 ⁵⁸9·

362 840 542 912 Excussus
563 855 663 911 ‘curru
683 838 924 910 moribundus
944 835 1101 907 volvitur
1118 837 1218 908 arvis.

363 954 488 1059 Quem
508 957 591 1049 plus
611 956 747 1026 Aeneas
763 955 867 1025 dictis
886 951 1024 1025 adfatur
1043 950 1194 1023 amaris:

365 1070 531 1166 Lucage,
556 1073 654 1140 nulla
675 1089 758 1141 tuos
777 1094 896 1140 currus
913 1068 994 1165 luga
1017 1068 1133 1166 segnis
1155 1091 1336 1160 equorum

366 1185 549 1273 Prodidit,
572 1203 632 1254 aut
650 1210 766 1254 ranae
781 1202 912 1254 vertere
931 1207 974 1252 ex
993 1182 1157 1254 hostibus
1177 1181 1336 1254 umbrae·

365 1301 451 1394 Ipse
472 1302 559 1371 rotis
579 1299 707 1370 saliens
723 1302 809 1397 juga
830 1298 971 1369 deseris.
1010 1298 1096 1367 haec
1117 1299 1164 1367 ita
1185 1285 1279 1369 latus

365 1414 538 1508 Adripuit
558 1416 710 1512 bijugos.
750 1412 851 1484 srater
866 1412 1037 1483 tendebat
1057 1413 1178 1484 inertis

367 1529 501 1599 Infelix
520 1533 680 1624 palmas,
701 1554 803 1599 curru
823 1527 990 1599 delabsus
1011 1527 1165 1598 eodem:

366 1645 508 1732 Perre,
534 1671 597 1739 per
617 1646 682 1738 qui
701 1664 736 1715 te
754 1647 861 1715 talem
885 1660 1037 1740 genuere
1062 1659 1246 1736 parentes,

366 1760 434 1830 Vir
454 1760 634 1848 Troiane,
655 1761 732 1831 sine
752 1760 844 1829 hauc
864 1759 1047 1846 animam,
1071 1776 1106 1828 et
1126 1759 1290 1831 miserere
1311 1749 1505 1856 precantis.

367 1872 536 1947 Pluribus
558 1875 672 1945 oranti
691 1874 831 1944 Aeneas
854 1901 862 1941 ε
892 1872 1002 1942 llnud
1023 1873 1106 1943 talia
1123 1873 1264 1948 dudum

367 1989 473 2061 Dicta
493 1991 628 2068 dabas;
660 2011 826 2076 morere,
850 2005 885 2058 et
905 1987 1045 2058 fratrem
1065 2012 1110 2058 ne
1131 1988 1251 2059 desere
1269 1985 1382 2060 frater.

368 2097 470 2175 Tum
489 2105 637 2176 latebras
657 2104 822 2190 animae,
846 2122 996 2195 pectus,
1017 2127 1191 2174 mucrone
1208 2103 1369 2176 recludit.

366 2219 470 2289 Talia
490 2244 553 2314 per
572 2243 723 2313 campos
743 2216 872 2288 edebat
891 2216 1013 2288 funera
1034 2218 1162 2289 ductor

368 2333 592 2422 Dardanius,
618 2333 782 2405 torrentis
803 2334 991 2426 aquaevel
1008 2331 1162 2404 turbinis
1181 2329 1244 2402 atri

367 2448 472 2520 More
491 2448 620 2521 furens
660 2449 807 2520 tandem
830 2468 1050 2541 erumpunt,
1076 2467 1112 2520 et
1127 2465 1234 2519 castra
1251 2450 1468 2544 relinquunt

368 2562 542 2636 Ascanius
561 2589 676 2657 puer,
701 2582 736 2634 et
754 2563 1007 2656 nequidquam
1030 2564 1172 2636 obsessa
1188 2567 1370 2661 juventus.

422 2678 610 2768 Juuonem
632 2680 762 2749 interea
783 2680 969 2771 conpellat
982 2677 1149 2773 Juppiter
1166 2682 1259 2750 ultro
1277 2708 1284 2748 r

367 2793 405 2865 Ο
425 2819 590 2892 germana
610 2794 700 2864 mihi
722 2812 831 2886 atque
852 2793 979 2863 eadem
1000 2795 1199 2891 gratissima
1217 2797 1403 2894 conjunx,

367 2906 417 2979 Ut
434 2911 553 2981 rebare
565 2967 582 2998 ,,
599 2909 751 2996 Venus,
775 2933 841 2978 nec
858 2924 892 2978 te
912 2909 1084 2978 sententia
1102 2909 1216 2999 fauit,

366 3021 543 3097 Troianas
565 3039 734 3100 sustentat
754 3048 844 3118 opes
865 3049 872 3090 ε
903 3025 1120 3094 nou-vivida
1137 3024 1237 3096 bello

367 3134 501 3210 Dextra
519 3140 622 3228 viris,
643 3140 858 3231 animusque
877 3137 997 3227 ferox,
1024 3139 1236 3235 patiensque
1256 3141 1391 3235 pericli.

368 3253 438 3323 Cui
456 3255 554 3342 Juno
577 3254 752 3325 submissa
777 3282 784 3322 :
816 3250 943 3358 Quid,
973 3279 995 3324 o
1015 3256 1252 3347 pulcherrime
1273 3261 1461 3355 conjunx,

367 3368 544 3439 Sollicitas
567 3395 727 3465 aegram,
751 3389 786 3439 et
804 3387 864 3438 tua
884 3371 992 3440 tristia
1015 3371 1108 3441 dicta
1131 3372 1354 3443 timentem?

367 3484 403 3554 Si
425 3484 540 3571 mihi,
566 3510 658 3576 quae
677 3486 866 3576 quondam
886 3485 1016 3574 fuerat,
1045 3511 1228 3579 quamque
1249 3513 1323 3558 esse
1343 3489 1523 3586 decebat,

367 3597 436 3669 Vis
455 3600 492 3668 in
514 3623 638 3669 amore
657 3598 773 3678 foret3
802 3624 878 3668 nou
899 3600 970 3669 hoc
988 3602 1079 3670 milri
1098 3626 1257 3694 namque
1275 3628 1443 3700 negares,

367 3715 639 3810 Omnipotens,
666 3717 755 3807 quin
772 3731 806 3784 et
826 3739 970 3811 pugnae
990 3716 1185 3786 subducere
1206 3717 1396 3810 Turnum,

365 3830 412 3902 Et
433 3830 564 3902 Dauno
585 3855 731 3925 possem
754 3831 976 3899 incolumem
997 3856 1127 3901 serrare
1148 3834 1295 3925 parenti.

367 3944 475 4016 Nunc
496 3966 637 4040 pereat,
660 3946 881 4037 Teucrisque
902 3946 966 4038 pio
989 3946 1048 4015 det
1068 3948 1240 4044 sanguiue
1261 3974 1411 4043 poenas.

367 4059 435 4130 Ille
453 4083 575 4132 tamen
594 4080 714 4132 nostra
733 4060 879 4130 deducit
900 4061 1036 4154 origiue
1057 4086 1213 4152 nomeu,

366 4174 633 4267 Pilumnusque
654 4177 706 4245 illi
725 4191 870 4268 quartus
891 4191 989 4268 pater
1010 4204 1017 4243 :
1048 4195 1082 4245 et
1099 4195 1157 4246 tua
1175 4181 1266 4274 larga

365 4288 479 4383 Saepe
500 4315 611 4362 manu
635 4292 834 4382 multisque
859 4292 997 4361 ornavit
1021 4293 1146 4361 limina
1168 4293 1285 4363 (louis.

366 4404 437 4476 Cui
463 4430 524 4476 rex
544 4406 684 4476 aetherii
710 4406 861 4476 breviter
882 4408 929 4477 sic
952 4406 1043 4476 fatur
1064 4408 1242 4501 Olympi:

363 4519 399 4592 Si
419 4547 522 4593 rnora
541 4513 735 4618 praesentis
754 4522 817 4592 leti
837 4540 1056 4616 tempusque
1077 4522 1211 4594 caduco
