3750 6217
262 673 271 686 ‘
391 706 492 783 ·ns
619 693 1400 798 Aruernosu.eni

410 869 633 945 Incumbens
649 869 802 941 humero
828 895 836 938 ε
866 861 978 963 spatia
999 881 1035 938 et
1054 864 1084 937 si
1102 868 1204 959 plura
1224 867 1431 963 supersint,

410 987 582 1060 Transeat
598 977 740 1058 elabsus
756 985 873 1080 prior,
897 975 1153 1079 ambiguumue
1171 983 1362 1078 relinquat.

406 1103 563 1197 Jamque
581 1095 651 1171 fere
672 1093 788 1193 spatio
808 1116 991 1187 extremo,
1012 1095 1169 1192 fessique
1187 1095 1254 1172 sub
1273 1100 1392 1194 ipsam
1422 1139 1424 1148 ·

411 1219 539 1291 Finem
558 1214 819 1296 adventabant;
840 1214 909 1286 levi
929 1231 1046 1308 quom
1068 1213 1239 1311 sanguine
1259 1213 1371 1290 Nisus

411 1333 560 1406 Labitur
580 1327 707 1402 infelix
730 1356 738 1398 ε
767 1321 876 1402 caesis
894 1347 936 1402 ut
957 1327 1047 1400 forte
1061 1323 1223 1427 juvencis

410 1447 524 1520 Fusus
542 1447 698 1518 humum
717 1439 912 1540 viridisque
931 1468 1038 1539 super
1055 1435 1292 1519 madefecerat
1309 1439 1451 1524 herbas·

410 1557 479 1634 Hic
494 1556 637 1660 juvenis
652 1561 730 1660 jam
747 1559 862 1632 victor
878 1583 990 1632 ovans
1006 1560 1153 1658 vestigia
1173 1586 1297 1655 presso

411 1677 520 1750 Haud
538 1677 653 1749 tenuit
671 1675 822 1748 titubata
840 1678 920 1749 solo
938 1704 947 1755 ;
973 1673 1036 1750 sed
1054 1694 1192 1771 pronus
1210 1676 1249 1748 in
1268 1678 1351 1774 ipso

410 1787 582 1868 Concidit
600 1789 855 1885 inmundoque
873 1791 963 1862 llmo
984 1816 1154 1885 udoque
1172 1813 1303 1865 cruore.

411 1905 499 1981 Non
516 1927 638 1981 tamen
659 1903 826 2002 Euryali,
848 1930 926 1978 non
944 1903 1006 1978 ille
1025 1907 1161 1980 oblitus
1178 1933 1345 1982 amonim
1361 1933 1371 1982 a

411 2024 507 2096 Nam
525 2049 598 2096 sese
620 2024 796 2118 opposuit
815 2021 910 2093 Salio
930 2047 996 2117 per
1014 2019 1147 2095 lubrica
1168 2035 1321 2123 surgens.

411 2141 480 2212 llle
497 2157 618 2211 autem
639 2139 751 2233 spissa
765 2137 877 2237 jacuit
896 2140 1079 2210 revolutus
1096 2161 1209 2210 arena.

410 2254 551 2328 Emicat
568 2253 767 2349 Euryalus,
791 2272 827 2326 et
845 2276 994 2324 munere
1010 2254 1124 2326 victor
1141 2253 1249 2326 amici

410 2363 529 2441 Prima
547 2387 667 2459 tenet,
689 2359 891 2464 plausuque
909 2368 1009 2440 volat
1025 2367 1245 2462 fremituque
1262 2365 1433 2446 secundo,

410 2479 499 2558 Post
517 2483 695 2581 Helymus
715 2484 834 2573 subit,
856 2501 892 2555 et
907 2508 1006 2557 nunc
1024 2484 1125 2556 tertia
1141 2484 1264 2578 palma
1281 2485 1418 2561 Diores.
1524 2559 1529 2568 ,

410 2595 483 2673 Hic
497 2618 619 2674 totum
637 2623 762 2672 caveae
781 2623 992 2673 consessum
1013 2600 1188 2698 ingentis,
1212 2619 1247 2673 et
1266 2626 1326 2674 ora

410 2713 530 2788 Prima
547 2706 690 2812 patrum
707 2716 848 2815 magnis
863 2712 979 2787 Salius
997 2713 1214 2789 clamoribus
1232 2716 1372 2811 inpleta

410 2832 658 2927 Ereptumque
676 2827 766 2904 dolo
786 2827 887 2902 reddi
907 2831 976 2904 sibi
995 2832 1115 2926 poscit
1131 2831 1320 2905 honorem.

408 2949 563 3022 Tutatur
580 2945 680 3019 favor
699 2943 912 3043 Euryalum,
935 2945 1173 3040 lacrimaeque
1192 2945 1363 3044 decorae,

408 3063 549 3136 Gratior
567 3080 603 3136 et
621 3064 772 3158 pulchro
790 3063 938 3135 veniens
957 3063 995 3134 in
1014 3087 1163 3158 corpore
1183 3063 1303 3137 virtus.

406 3179 586 3277 Adjuvat,
606 3196 642 3250 et
659 3202 789 3276 magna
803 3180 1004 3273 proclamat
1019 3201 1109 3250 voce
1127 3178 1276 3269 Diores,

409 3291 486 3398 Qui
506 3293 616 3365 subiit
635 3294 797 3387 palmae,
817 3291 1012 3387 frustraque
1030 3293 1077 3363 ad
1095 3294 1254 3388 praemia
1272 3292 1371 3366 venit

409 3407 568 3496 Ultima,
589 3408 618 3479 si
634 3405 742 3502 primi
762 3406 857 3479 Salio
878 3407 1074 3479 redduntur
1091 3408 1256 3480 honores.

410 3522 510 3594 Tum
526 3540 624 3618 pater
637 3516 797 3613 Aeneas,
817 3517 965 3612 Vestra,
988 3517 1132 3616 inquit,
1154 3544 1304 3593 munera
1321 3517 1428 3597 vobis

408 3638 512 3711 Certa
530 3655 696 3730 manent,
715 3639 818 3735 pueri
837 3665 846 3718 ;
873 3653 908 3709 et
925 3639 1088 3733 palmam
1105 3652 1233 3707 movet
1252 3635 1378 3712 ordine
1395 3661 1507 3715 nemo
1523 3663 1533 3717 a

407 3754 469 3828 Me
489 3756 594 3828 liceat
611 3779 709 3829 casus
728 3749 884 3827 miserari
904 3752 1058 3825 insontis
1077 3752 1194 3824 amici.

406 3868 464 3944 Sic
481 3870 597 3962 fatus,
621 3891 761 3971 tergum
780 3868 924 3941 Gaetuli
944 3869 1091 3939 inmane
1110 3868 1226 3940 leonis

408 3986 480 4059 Dat
495 3985 613 4079 Salio,
634 3983 730 4059 villis
751 4009 945 4059 onerosum
965 4002 1073 4078 atque
1092 3981 1274 4083 unguibus
1294 3989 1417 4062 aureis.

406 4098 476 4173 Hic
496 4101 628 4189 Nisus,
648 4097 685 4172 Si
703 4117 827 4191 tanta,
849 4102 992 4195 inquit,
1017 4120 1100 4173 sunt
1118 4103 1276 4197 praemia
1295 4103 1422 4196 victis,

406 4216 451 4289 Et
468 4236 504 4290 te
523 4217 706 4289 labsornm
723 4218 887 4296 miseren
913 4241 1007 4311 quae
1026 4241 1174 4288 munera
1195 4215 1285 4289 Niso

406 4333 522 4433 Digna
539 4332 641 4405 dabis
665 4335 681 4404 Ρ
711 4315 1002 4430 ρῐίιηεπιᾶῐιέωὶ
1020 4334 1085 4427 qui
1105 4331 1210 4406 laude
1228 4356 1424 4416 coronam}

404 4450 455 4522 Ni
471 4475 552 4540 me,
574 4472 667 4544 quae
686 4446 850 4538 Salium,
878 4448 1021 4522 fortuna
1040 4450 1186 4520 inimica
1203 4448 1350 4520 tulisset.

403 4565 451 4646 Et
466 4566 575 4647 simul
592 4565 649 4645 his
664 4566 771 4647 dictis
787 4562 916 4642 faciem
937 4565 1157 4658 ostentabat,
1176 4579 1212 4637 et
1230 4560 1307 4636 udo
