3750 6217
392 760 843 843 A-ENEIDOS
899 769 981 842 XI.
1039 794 1072 841 v.
1121 792 1237 862 qap·
1326 787 1404 861 375

196 935 394 1008 Deficimus
416 937 433 1006 ?
462 955 625 1007 curante
642 935 769 1007 tubam
789 954 923 1007 tremor
943 951 1097 1028 occupat
1111 935 1236 1008 artus?

195 1051 313 1122 Multa
332 1051 409 1130 dies
426 1053 617 1145 variusque
634 1051 737 1125 labor
759 1050 943 1123 mutabilis
961 1050 1038 1121 aevi

195 1166 332 1240 Retulit
350 1169 388 1248 ln
407 1168 566 1238 meliust
595 1169 733 1238 multos
753 1169 885 1237 alterna
906 1161 1062 1238 revisens

196 1281 317 1373 Lusit,
338 1303 374 1355 et
391 1284 430 1355 in
451 1282 572 1354 solido
592 1307 712 1353 rursus
732 1281 888 1360 Fortuna
904 1282 1049 1353 locavit.

197 1397 285 1485 Non
303 1399 368 1470 erit
388 1399 523 1469 auxilio
542 1399 651 1471 nobis
669 1397 838 1484 Aetolus,
863 1415 899 1467 et
915 1395 1004 1492 Arpi
1020 1424 1029 1466 ι

195 1514 244 1585 At
261 1513 447 1608 Messapus
465 1515 547 1603 erit,
572 1513 731 1606 felixque
750 1509 997 1600 Tolumnius,
1016 1529 1051 1584 et
1071 1535 1166 1604 quos

196 1628 274 1701 Tot
290 1631 423 1724 populi
444 1630 570 1702 misere
589 1629 706 1699 duces.
745 1653 811 1698 nec
830 1627 926 1698 tarda
944 1646 1114 1720 sequetur>
1196 1662 1199 1669 ¹

195 1745 321 1816 Gloria
339 1745 498 1816 delectos
516 1745 621 1817 Latio
640 1762 674 1816 et
691 1742 928 1840 Laurentibus
948 1745 1045 1841 agris.

196 1862 260 1934 Est
275 1880 311 1932 et
328 1859 549 1932 Volscorum
569 1861 703 1957 egregia
722 1859 768 1938 de
786 1878 890 1957 gente
911 1856 1088 1949 Camilla,

197 1977 339 2074 Agmen
358 2000 464 2074 agens
484 1978 650 2068 equitum
670 1995 706 2047 et
725 1973 884 2047 florentis
904 1999 981 2045 aere
999 1993 1171 2075 catervas.-

197 2091 314 2196 Quod
334 2094 363 2163 si
383 2117 443 2191 me
464 2093 585 2165 solum
605 2088 737 2161 Teucri
758 2090 796 2159 in
814 2085 1005 2160 certamina
1026 2107 1204 2184 poscunt,

196 2208 315 2300 quue
331 2208 472 2301 placet,
493 2225 709 2298 tantumque
728 2206 838 2278 honis
854 2206 1119 2284 communibus
1139 2204 1270 2278 obsto:

196 2323 283 2393 Non
303 2323 394 2393 adeo
415 2323 478 2394 has
497 2345 606 2411 exosa
624 2346 755 2398 manus
772 2320 932 2395 Victoria
950 2319 1066 2419 fugit,

194 2439 244 2510 Ut
261 2457 359 2510 tanta
379 2437 583 2530 quidquam
599 2461 665 2530 pro
687 2460 750 2530 spe
769 2454 901 2516 tentare
921 2457 1090 2508 recusem.

195 2555 266 2626 Ibo
285 2554 416 2624 animis
435 2572 557 2624 contra
576 2579 584 2620 ι
613 2553 672 2621 vel
689 2575 864 2649 magnum
884 2569 1037 2644 praestet
1055 2550 1257 2640 Achillem,

195 2670 372 2762 Factaque
391 2667 548 2740 Volcani
565 2668 737 2748 manibus
754 2667 850 2761 paria
870 2666 997 2739 induat
1016 2691 1112 2737 arma

196 2784 265 2855 Ille
285 2785 378 2856 licet.
418 2784 523 2857 vobis
543 2784 702 2854 animam
720 2784 812 2854 hanc
830 2807 1028 2876 soceroque
1046 2781 1175 2854 Latino

196 2898 343 2972 Turnus
364 2924 453 2995 ego,
473 2899 570 2968 haud
588 2899 655 2967 ulli
673 2916 834 2983 veterum
851 2899 981 2971 virtute
1002 2898 1202 2988 secunduS,

196 3014 346 3086 Devovi.
385 3016 508 3086 solum
526 3012 664 3084 Aeneas
680 3032 795 3108 vocat
837 3031 873 3084 et
891 3032 998 3096 vocet
1016 3039 1091 3085 oro.

195 3130 273 3201 Nec
291 3130 446 3201 Drances
466 3130 608 3224 potius,
631 3129 705 3198 sive
723 3147 776 3217 est
794 3128 880 3198 haec
901 3128 949 3198 ita
969 3129 1144 3220 deorum,

194 3244 313 3317 Morte
334 3247 410 3316 luat
426 3272 435 3323 t
465 3245 539 3328 sive
558 3263 611 3316 est
629 3244 740 3314 virtus
759 3261 795 3328 et
811 3244 946 3341 gloria,
967 3246 1080 3316 tollat.

252 3361 312 3432 Illi
334 3360 418 3430 haec
437 3361 528 3444 iuter
547 3385 583 3431 se
600 3358 722 3430 dubiis
741 3359 788 3429 de
807 3358 912 3453 rebus
932 3341 1085 3458 agebant

124 3567 132 3575 ·
194 3476 404 3548 Certantesa
432 3495 541 3551 castra
560 3474 700 3567 deneas¹
715 3475 903 3567 aciemque
922 3474 1102 3548 movebat.

193 3592 353 3664 Nuntius
371 3592 508 3689 ingenti
528 3616 592 3684 per
610 3591 702 3688 regia
721 3607 811 3667 tecta
832 3591 993 3672 tumultu

192 3708 284 3780 Ecce
303 3708 393 3795 ruit,
404 3707 633 3810 ‘magnisque
651 3705 778 3776 urbem
798 3705 989 3787 terroribus
1009 3707 1146 3800 inplet:
1166 3748 1169 3755 ·

194 3823 392 3896 Instructos
411 3823 485 3896 acie
504 3821 719 3921 ‘fiberinos
738 3819 891 3892 flumine
910 3819 1090 3912 Teucros,

193 3937 491 4033 Tyrrhenamque
507 3961 662 4008 manum
681 3939 767 4009 totis
785 3935 998 4009 descendere
1018 3938 1167 4034 campis.

193 4052 393 4147 Extemplo
411 4051 544 4146 turbati
560 4051 698 4141 animi,
717 4076 963 4145 concussaque
980 4052 1079 4150 volgi

159 4188 163 4196 ’
194 4167 366 4257 Pectora,
389 4187 426 4238 et
444 4166 602 4239 adrectae
623 4167 778 4240 stimulis
797 4167 894 4238 haud
913 4167 1090 4255 mollibus
1110 4171 1190 4242 irae.

193 4283 302 4355 Arma
321 4308 434 4360 manu
452 4283 584 4377 trepidi
605 4303 762 4377 poscunt
783 4312 791 4351 ι
821 4280 945 4355 fremit
959 4304 1056 4357 arma
1072 4287 1261 4382 juventus:

193 4397 223 4470 F
225 4401 299 4470 lent
314 4400 440 4470 maesti
459 4417 695 4492 mussantque
712 4417 830 4493 patres
850 4427 858 4470 ι
888 4399 975 4470 hinc
992 4401 1155 4507 undique
1173 4405 1311 4477 clamor

103 4596 107 4604 ⁴
193 4511 368 4588 Dissensu
385 4514 483 4585 vario
501 4538 654 4613 magnus
674 4538 710 4586 se
728 4516 826 4587 tollit
845 4514 884 4586 in
901 4539 1012 4588 auras.
1114 4513 1127 4604 l

194 4627 306 4703 Haud
326 4655 448 4723 secus,
468 4650 578 4725 atque
596 4630 670 4701 alto
690 4632 731 4709 in
747 4632 832 4702 luco
853 4656 971 4726 quom
991 4630 1083 4706 forte
1101 4652 1256 4706 catervae
