3750 6217
488 726 1013 803 csouuroou
1072 726 1162 800 111.
1221 754 1255 800 v.
1306 729 1395 805 aas.
1487 727 1605 838 ar·

331 890 450 966 Multa
470 916 618 992 gemens
644 894 887 994 ignominiam
909 895 1105 992 plagasque
1128 890 1272 987 superbi

332 1009 491 1082 Victoris
509 1039 519 1088 r
539 1027 645 1101 turn,
671 1035 765 1104 quos
784 1010 904 1082 amisit
922 1011 1082 1100 inultus,
1110 1031 1275 1088 amores;
1317 1000 1324 1017 ’

332 1125 378 1196 Et
397 1123 534 1197 stabula
554 1125 764 1220 adspectans
782 1125 898 1222 regnis
918 1125 1065 1196 excessit
1083 1125 1194 1196 avitis.

332 1240 426 1339 Ergo
446 1241 550 1310 omni
571 1252 653 1310 curt
674 1242 764 1313 vires
787 1259 948 1329 exercet,
975 1257 1011 1309 et
1030 1240 1120 1310 inter

332 1353 430 1426 Dura
449 1357 543 1453 jacet
563 1379 704 1449 pernox
724 1358 869 1427 instrato
895 1378 976 1427 saxa
999 1353 1135 1444 cubili,

331 1466 538 1541 Frondibus
556 1469 699 1543 hirsutis
722 1490 756 1543 et
775 1472 883 1543 carice
900 1488 1023 1566 pastus
1039 1487 1160 1540 acuta:

331 1584 379 1658 Et
399 1601 511 1656 tentat
535 1610 631 1674 sese,
658 1606 764 1682 atque
784 1586 881 1658 irasci
904 1586 943 1655 in
970 1608 1104 1656 cornua
1124 1585 1228 1656 discit

332 1699 479 1771 Arboris
504 1699 660 1774 obnixus
680 1722 806 1773 trunco
832 1727 840 1769 z
869 1717 1069 1795 ventosque
1092 1700 1231 1773 lacessit

333 1814 491 1905 Ictibus,
517 1832 552 1887 et
573 1841 688 1911 sparsa
709 1816 755 1887 ad
776 1842 938 1915 pugnam
962 1816 1126 1909 proludit
1146 1840 1258 1887 arena.

333 1922 442 2021 Post,
466 1930 530 2001 ubi
552 1933 757 2004 conlectum
778 1931 909 2021 robur,
930 1931 1094 2025 viresque
1114 1927 1285 2018 refectae,

332 2044 439 2145 Signa
459 2064 604 2135 movet,
625 2072 866 2143 praecepsque
890 2030 1048 2118 oblitum
1071 2045 1177 2117 fertur
1199 2045 1238 2115 in
1260 2045 1423 2117 hostem}

332 2158 478 2234 Fluctus
496 2158 551 2232 uti
569 2163 692 2234 medio
712 2164 834 2257 coepit
853 2187 968 2256 quom
985 2161 1159 2234 albescere
1177 2179 1295 2256 ponto

333 2274 522 2375 Longius,
545 2301 589 2348 ex
607 2280 754 2372 altoque
775 2278 896 2350 sinum
915 2277 1041 2355 trahit;
1066 2294 1202 2370 utque,
1221 2262 1367 2349 volutus

334 2392 392 2463 Ad
415 2411 548 2483 terras,
572 2393 717 2464 inmane
737 2411 841 2465 sonat
860 2418 924 2488 per
945 2415 1048 2482 saxa,
1070 2416 1190 2485 neque
1210 2374 1287 2486 ipse
1380 2436 1384 2445 ·

332 2506 462 2580 Monte
484 2509 604 2579 minor
622 2509 858 2604 procumbit:
888 2527 923 2579 at
945 2509 1017 2578 ima
1040 2525 1219 2579 exaestuat
1237 2492 1335 2578 unda

333 2618 564 2715 Vorticibus,
592 2626 804 2724 nigramque
831 2625 900 2695 alte
921 2623 1103 2696 subvectat
1122 2647 1275 2731 arenam.

391 2739 515 2809 Omne
535 2740 625 2811 adeo
650 2765 760 2837 genus
784 2740 822 2809 in
845 2740 942 2810 terris
959 2738 1227 2832 hominumque
1247 2736 1489 2831 setarumque,

337 2852 381 2924 Et
398 2878 509 2950 genus
527 2878 773 2947 aequoreum,
800 2853 978 2949 pecudeS,
1005 2853 1193 2949 pictaeque
1212 2854 1389 2942 volucres,

337 2969 382 3038 ln
407 2966 515 3039 furias
539 2969 733 3065 ignemque
753 2986 861 3038 ruunt
883 2996 891 3034 :
920 2992 1023 3071 amor
1046 2966 1217 3037 omnibus
1241 2967 1348 3040 idern.-

317 3080 523 3176 ,Tempore
543 3106 622 3151 non
640 3083 713 3154 alio
737 3083 939 3154 catulorum
963 3081 1075 3153 oblita
1095 3082 1217 3151 leaena

337 3196 480 3268 Saevior
497 3197 620 3269 erravit
640 3199 777 3294 campis
798 3225 805 3266 :
835 3222 901 3268 nec
920 3196 1044 3269 funera
1064 3196 1173 3294 volgo

337 3312 432 3383 Tam
451 3314 566 3384 multa
586 3312 760 3387 informes
778 3315 850 3387 ursi
870 3335 1093 3411 stragemque
1110 3313 1237 3385 dedere

337 3427 403 3499 Per
420 3428 532 3500 silvas.
571 3448 651 3500 tum
670 3454 792 3502 saevus
809 3454 918 3525 aper,
940 3448 1022 3501 tum
1038 3429 1193 3523 pessima
1213 3418 1319 3527 tigris.

335 3544 439 3634 Heu,
464 3546 559 3615 male
580 3564 660 3616 turn
680 3544 816 3640 Libyae
836 3546 923 3617 solis
943 3563 1072 3616 erratur
1091 3544 1129 3614 in
1149 3547 1247 3643 agris.

335 3656 468 3731 Nonne
484 3660 606 3751 vides,
631 3680 673 3733 ut
691 3678 768 3733 tota
785 3680 919 3734 tremor
937 3676 1114 3756 pertentet
1132 3684 1311 3755 equorum

333 3774 519 3871 Corpora,
543 3777 571 3848 si
590 3795 734 3848 tantum
753 3796 858 3850 notas
879 3776 972 3847 odor
990 3774 1119 3848 adtulit
1137 3777 1267 3847 auras?

336 3888 389 3963 Ac
408 3915 528 3983 neque
546 3916 609 3962 eos
622 3893 699 3988 jam
718 3891 814 3963 frena
831 3883 972 3981 vinim,
992 3915 1112 3984 neque
1128 3892 1270 3963 verbera
1290 3914 1413 3981 saeva,

337 4003 424 4076 Non
443 4005 607 4099 scopuli,
626 4031 804 4101 rupesque
824 4032 948 4097 cavae,
971 4024 1078 4100 atque
1097 4006 1235 4108 objecta
1252 4007 1427 4078 retardant

337 4116 528 4210 Flumina,
551 4139 741 4216 conreptos
765 4123 863 4195 unda
882 4125 1088 4217 torquentia
1111 4142 1265 4197 montes.

338 4234 422 4332 Ipse
444 4236 536 4328 ruit,
560 4236 757 4331 dentesque
775 4236 969 4310 Sabellicus
985 4240 1126 4310 exacuit
1147 4265 1227 4329 sus,

336 4350 384 4424 Et
402 4350 496 4448 pede
510 4352 714 4451 prosubigit
736 4372 880 4444 terram,
903 4352 1003 4425 fricat
1025 4354 1147 4427 arbore
1167 4377 1307 4447 costas,

339 4466 458 4562 Atque
474 4466 558 4540 hinc
576 4486 684 4563 atque
708 4470 807 4543 illinc
829 4470 999 4544 humeros
1024 4470 1069 4544 ad
1090 4472 1236 4542 volnera
1257 4473 1367 4546 durat.

338 4581 441 4688 Quid
455 4584 615 4683 juvenis,
637 4610 813 4686 magnum
833 4586 890 4657 cui
909 4605 1022 4661 versat
1038 4586 1077 4656 in
1096 4586 1237 4661 ossibus
1257 4588 1378 4687 ignem

341 4728 347 4763 r
1277 4698 1308 4775 L
