3750 6217
525 681 973 802 Aruernos
1029 712 1108 799 vr.
1166 750 1200 797 v.
1249 738 1340 818 523-⁰
1451 744 1532 817 en

330 892 507 980 Emovet,
530 910 567 963 et
585 891 700 963 lidum
722 894 829 988 capiti
851 890 1064 965 subduxerat
1082 913 1226 961 ensem:

330 1006 424 1079 Intra
442 1025 533 1078 tecta
551 1026 655 1078 vocat
675 1009 903 1096 Menelaum,
922 1030 957 1079 et
976 1006 1101 1077 limina
1121 1003 1248 1100 pandit
1265 1033 1274 1082 3

330 1121 471 1193 Scilicet
491 1122 529 1191 id
549 1148 724 1220 magnum
746 1148 890 1220 sperans
907 1122 983 1193 fore
1002 1145 1137 1192 munus
1156 1117 1313 1207 amanti,

330 1234 376 1313 Et
394 1237 527 1308 famam
548 1240 724 1339 exstingui
741 1258 900 1311 vetemm
919 1239 968 1310 sic
988 1261 1095 1332 posse
1115 1237 1305 1305 malorum.

331 1353 434 1539 guid
453 1352 652 1423 moror?
643 1374 860 1461 inrumpunt
878 1354 1047 1424 thalamo.
1084 1372 1206 1422 comes
1226 1335 1369 1420 additus
1388 1366 1460 1419 una

371 1487 502 1540 ortator
523 1470 693 1540 scelerum
714 1450 894 1542 Aeolides.
932 1469 1050 1557 Dii‚t
1036 1468 1118 1539 talia
1140 1464 1257 1538 Graiis

332 1581 549 1663 Instaurate;
575 1586 639 1677 pio
661 1587 688 1656 si
708 1609 843 1680 poenas
864 1610 923 1655 ore
944 1599 1105 1678 reposco

332 1698 402 1803 Sed
420 1717 455 1769 te
475 1700 539 1792 qui
558 1699 682 1770 vivom
699 1725 820 1789 casus,
842 1725 906 1798 age
926 1698 996 1768 sare
1015 1698 1191 1785 vicissimr

333 1812 547 1886 Adtulerint.
586 1817 751 1913 pelagine
768 1817 867 1885 venis
888 1815 1061 1885 enoribus
1081 1831 1197 1898 actus,

333 1929 391 2000 lln
409 1929 553 1999 monitu
574 1928 698 2001 divdm
721 1932 737 2001 ?
767 1940 813 2000 an
834 1955 927 2024 quae
947 1948 983 2000 te
1001 1928 1142 1999 l'ortuna
1159 1926 1300 2024 fatigat,

334 2041 384 2116 Ut
403 2044 507 2115 tristis
528 2045 603 2115 sine
622 2048 698 2116 sole
717 2044 872 2133 domos,
893 2047 972 2116 loca
990 2043 1155 2132 turbitla,
1179 2043 1289 2112 adires
1302 2044 1337 2123 Ρ,

334 2150 412 2230 Hac
429 2159 506 2229 vice
527 2171 735 2231 sermonum
753 2161 864 2232 roseis
884 2158 1018 2230 Aurora
1038 2158 1218 2256 quadrigis

331 2253 415 2363 jam
434 2272 599 2344 medium
617 2277 771 2347 aetherio
793 2298 895 2347 cursu
912 2274 1088 2372 trajecerit
1106 2299 1228 2343 axem.

334 2390 364 2460 F
367 2409 380 2460 t
397 2388 471 2461 fo'rs
491 2414 602 2461 omne
622 2391 747 2462 datum
766 2390 936 2460 traherent
956 2414 1019 2484 per
1036 2392 1118 2460 talia
1140 2392 1303 2482 tempusr

335 2497 404 2574 Sed
422 2530 545 2576 comes
563 2505 755 2576 admonuit
770 2504 1040 2604 ‚breviterque
1046 2501 1111 2574 adl
1094 2504 1163 2573 fata
1183 2502 1317 2598 Sibylla
1338 2520 1413 2575 est.

335 2619 422 2690 Nox
439 2621 532 2709 ruit,
559 2621 703 2700 Aenea;
731 2645 799 2691 nos
819 2618 943 2690 flendo
962 2597 1128 2717 ducimus
1148 2619 1262 2688 horas.

339 2734 409 2805 Hic
429 2726 532 2807 locus
552 2739 627 2825 est3
650 2737 759 2830 partis
777 2733 842 2807 ubi
859 2761 895 2807 se
914 2736 971 2829 via
990 2711 1095 2805 hudit
1112 2734 1150 2802 in
1169 2733 1310 2804 ambas:

338 2848 513 2937 Dextera,
533 2875 625 2943 quae
643 2849 738 2921 Ditis
757 2850 879 2947 magni
900 2847 967 2921 sub
987 2849 1134 2919 moenia
1152 2847 1287 2918 tendit:

339 2964 416 3034 Hac
434 2963 498 3034 iter
518 2964 682 3057 Elysium
702 2944 811 3035 nobis
834 2992 842 3032 :
872 2983 908 3035 at
928 2966 1026 3035 laeva
1046 2964 1228 3034 malorum

339 3079 486 3149 Exercet
506 3102 658 3173 poenas,
680 3079 779 3151 etad
799 3062 898 3174 inpia
917 3079 1059 3150 Tartara
1078 3078 1199 3149 mittit.

341 3193 558 3287 Deiphobus
575 3213 726 3266 contra:
756 3194 812 3264 Ne
831 3195 942 3284 saevi,
964 3210 1093 3291 magna
1112 3168 1295 3264 sacerdos

340 3308 552 3397 Discedam,
577 3310 735 3404 explebo
756 3334 949 3407 numerum
966 3308 1195 3399 ‚reddarque
1214 3284 1380 3380 tenebris

341 3425 358 3494 I
380 3423 510 3513 decus,
536 3424 571 3513 ir
596 3440 788 3502 nostrumr
812 3399 1024 3496 melioribus
1041 3444 1138 3519 utere
1158 3420 1246 3496 fatis·

341 3540 500 3612 Tantum
522 3538 667 3629 effatus,
693 3539 783 3612 etin
800 3541 910 3612 verbo
929 3540 1075 3643 vestigia
1092 3538 1227 3633 pressit.

396 3654 557 3749 Respicit
576 3653 713 3727 Aeneas
729 3638 869 3745 subito,
892 3674 928 3727 et
947 3656 1014 3728 sub
1034 3678 1123 3749 rupe
1144 3653 1281 3739 sinistra

341 3769 489 3841 Moenia
509 3770 578 3841 lata
593 3770 715 3860 videt,
737 3771 869 3865 triplici
890 3770 1106 3842 circumdata
1123 3792 1251 3840 muro:

344 3883 448 3987 Quae
468 3867 615 3980 rapidus
635 3884 792 3959 flammis
811 3887 926 3958 ambit
944 3885 1162 3958 torrentibus
1182 3885 1299 3956 amnis

341 3997 528 4072 Tartareus
547 3999 768 4099 Phlegethon
784 4038 794 4091 5
821 4020 1039 4095 torquetque
1059 4001 1221 4072 sonantia
1234 4024 1336 4071 saxa.

344 4112 449 4187 Porta
470 4115 634 4203 adversa,
661 4117 808 4214 ingens,
834 4117 1028 4209 solidoque
1050 4115 1239 4186 adamante
1262 4118 1477 4187 columnae:

342 4225 411 4300 Vis
432 4250 474 4303 ut
493 4231 642 4301 nulla
609 4236 750 4321 vuum,
776 4256 854 4301 non
871 4233 941 4325 ipsi
961 4212 1164 4302 exscindere
1184 4229 1273 4301 ferro
1379 4324 1383 4332 Ι

343 4343 551 4418 Coelicolae
568 4348 717 4418 valeant.
758 4364 825 4419 stat
845 4344 950 4417 ferrea
966 4330 1066 4418 turris
1086 4345 1132 4416 ad
1149 4370 1269 4417 auras:

342 4459 619 4555 Tisiphoneque
640 4460 786 4551 sedens,
810 4464 906 4556 palla
926 4461 1103 4534 succincta
1123 4481 1290 4553 cruenta,

344 4575 581 4654 Vestibulum
601 4581 784 4655 exsomnis
802 4594 915 4654 servat
934 4595 1132 4671 noctesque
1151 4576 1309 4671 diesque.

1255 4692 1273 4762 1
1291 4697 1303 4772 l
