3750 6217
915 727 1046 809 ,66
1266 724 2316 803 ononorcoN
2431 723 2557 807 11,
2671 747 2742 799 v.
2835 746 3012 821 292.

855 924 868 937 ’
939 897 1126 998 Ergo
1162 919 1318 971 non
1354 895 1628 967 hiemes
1667 893 1866 966 illam
1890 947 1914 982 ,
1957 914 2114 963 non
2153 888 2370 962 flabra
2391 943 2413 981 ‚
2456 916 2694 989 neque
2730 890 3000 969 imbres

943 1013 1388 1085 Convellunt
1424 1037 1440 1078 ε
1499 1009 1779 1081 inmota
1816 1024 2063 1079 manet
2081 1060 2103 1098 ‚
2138 1008 2560 1103 multosque
2598 1014 2903 1104 nepotes
2923 1059 2949 1097 ,

942 1129 1176 1201 Multa
1212 1129 1447 1202 virum
1480 1126 1780 1198 volvens
1816 1123 2143 1197 durando
2182 1123 2458 1196 saecula
2494 1124 2735 1196 vincit.

943 1244 1145 1318 Tum
1183 1238 1385 1315 fortis
1419 1242 1558 1312 late
1591 1264 1830 1314 ramos
1866 1259 1938 1312 et
1975 1239 2256 1311 brachia
2291 1240 2596 1314 tendens

940 1360 1109 1432 Huc
1149 1359 1321 1429 illuc
1344 1413 1366 1447 ,
1399 1356 1639 1443 media
1679 1357 1835 1454 ipsa
1873 1357 2242 1454 ingentem
2280 1357 2578 1428 sustinet
2612 1354 2975 1429 umbram·

944 1475 1145 1548 Neve
1173 1472 1309 1547 tibi
1345 1473 1437 1545 ad
1471 1473 1702 1545 solem
1737 1488 2025 1572 vergant
2058 1472 2297 1543 vineta
2335 1472 2709 1545 cadentem
2737 1499 2754 1541 ε
2791 1542 2795 1547 .

944 1591 1150 1662 Neve
1189 1589 1369 1661 inter
1404 1588 1582 1660 vites
1618 1589 1949 1660 corulum
1989 1610 2135 1658 sere
2173 1614 2187 1654 ε
2245 1611 2425 1661 neve
2462 1586 2739 1687 flagella

946 1705 1247 1779 Summa
1282 1722 1448 1798 pete
1467 1757 1489 1793 ,
1534 1723 1658 1777 aut
1694 1728 1979 1776 summa
2019 1702 2373 1801 destringe
2412 1728 2501 1774 ex
2538 1704 2785 1777 arbore
2821 1702 3130 1798 plantas:

945 1821 1227 1894 Tantus
1259 1844 1464 1896 amor
1498 1836 1714 1892 terrae
1747 1849 1768 1906 ς
1826 1843 1972 1891 neu
2006 1817 2188 1910 ferro
2230 1819 2431 1890 laede
2471 1837 2760 1892 retunso
2834 1805 2840 1810 ⁸

948 1934 1242 2011 Semina
1279 1963 1297 2005 ι
1357 1957 1539 2006 neve
1578 1938 1779 2010 oleae
1815 1934 2149 2008 silvestris
2186 1935 2412 2008 insere
2449 1954 2758 2007 truncos.

948 2051 1146 2124 Nam
1185 2074 1399 2145 saepe
1433 2049 1736 2124 incautis
1772 2049 2178 2148 pastoribus
2218 2051 2483 2124 excidit
2521 2051 2706 2151 ignis
2725 2103 2750 2140 ,

953 2165 1152 2274 Qui,
1196 2162 1445 2245 furtim
1483 2165 1739 2265 pingui
1777 2166 2101 2261 primum
2137 2165 2271 2238 sub
2311 2167 2570 2238 cortice
2601 2182 2863 2256 tectus,

952 2282 1257 2360 Robora
1292 2282 1762 2376 conprendit,
1801 2279 2240 2375 frondesque
2272 2283 2553 2355 elabsus
2588 2281 2665 2352 in
2699 2281 2879 2353 altas

951 2399 1338 2497 Ingentem
1369 2399 1578 2471 coelo
1616 2398 1939 2470 sonitum
1972 2396 2176 2469 dedit
2210 2426 2226 2468 z
2285 2396 2455 2471 inde
2495 2414 2779 2470 secutus

953 2514 1088 2587 Per
1119 2535 1359 2584 ramos
1395 2515 1624 2586 victor
1644 2567 1664 2602 ,
1703 2536 1976 2609 perque
2014 2515 2155 2585 alta
2193 2514 2565 2592 acumina
2598 2527 2843 2610 regnat
2863 2529 2897 2599 ,·

956 2628 1053 2702 Et
1087 2645 1332 2718 totum
1370 2627 1680 2700 involvit
1720 2627 2038 2699 flammis
2072 2652 2329 2711 nemus
2342 2683 2365 2719 ‚
2412 2647 2485 2701 et
2498 2627 2664 2702 ‘mit
2696 2643 2921 2715 attam

874 2747 877 2750 ’
953 2741 1077 2815 Ad
1110 2743 1401 2815 coelum
1441 2744 1646 2840 picea
1684 2765 1951 2817 crassus
1988 2743 2290 2843 caligine
2327 2743 2649 2837 nubem:

951 2858 1377 2952 Praesertim
1410 2860 1470 2931 si
1508 2877 1902 2956 tempestas
1935 2885 1979 2952 a
2012 2859 2268 2947 vertice
2303 2860 2500 2933 silvis

954 2971 1305 3049 Incubuit
1326 3028 1349 3063 ‚
1390 2977 1892 3074 glomeratque
1931 2973 2162 3049 ferens
2200 2973 2530 3048 incendia
2564 2989 2843 3049 ventus.

950 3089 1184 3163 Hocc'
1221 3089 1395 3171 ubi;
1438 3114 1594 3165 non
1625 3117 1668 3163 a
1706 3091 1924 3187 stirpe
1959 3092 2239 3182 valent,
2274 3113 2660 3185 caesaeque
2688 3086 2937 3166 reverti

958 3205 1276 3280 Possunt
1289 3260 1310 3294 ,
1354 3223 1570 3300 atque
1608 3208 1756 3285 ima
1797 3207 2072 3285 similes
2107 3208 2513 3281 revirescere
2555 3222 2768 3278 terra:

960 3317 1235 3399 Infelix
1284 3339 1569 3413 superat
1604 3319 1803 3394 foliis
1850 3324 2154 3400 oleaster
2201 3323 2476 3401 amaris,

1076 3432 1232 3523 Nec
1265 3433 1400 3506 tibi
1435 3451 1586 3506 tam
1625 3434 1945 3530 prudens
1984 3436 2374 3532 quisquam
2414 3431 2837 3533 persuadeat
2867 3449 3157 3528 auctor,

961 3548 1337 3626 Tellurem
1376 3549 1598 3624 Borea
1637 3548 1941 3649 rigidam
1981 3552 2293 3645 spirante
2329 3552 2627 3641 moveri.
3153 3538 3162 3546 ’

961 3663 1156 3738 Rura
1195 3664 1364 3763 gelu
1401 3681 1561 3738 tum
1591 3665 1861 3745 claudit
1896 3665 2131 3739 hiems
2171 3694 2186 3735 ε
2244 3692 2379 3743 nec
2418 3668 2694 3741 semine
2723 3667 2921 3768 jacto

965 3780 1401 3862 concretam
1437 3781 1705 3876 patitur
1740 3782 2056 3856 radicem
2094 3781 2396 3883 adfigere
2434 3800 2674 3862 terrae·

1385 3898 1401 3912 ,ψ
