3750 6217
472 719 999 797 GEORGICON
1058 719 1140 795 IV.
1198 748 1232 797 v.
1279 738 1376 819 490:
1462 741 1538 813 107

332 887 541 977 Inmemor,
563 890 653 961 heu!
670 891 857 983 'victusque
875 889 987 961 animi
1005 889 1168 984 respexit.
1210 884 1263 957 ibi
1281 886 1405 961 omnis

332 1004 474 1077 Effusus
493 1004 616 1095 labor,
637 1016 747 1101 atque
768 1000 907 1078 inmitis
925 1023 1029 1100 rupta
1045 1000 1186 1099 tyranni

332 1111 511 1210 Foedera,
533 1126 660 1214 ‘terq'ue
674 1119 792 1219 fragor
812 1121 945 1219 stagnis
961 1120 1104 1192 auditus
1119 1118 1277 1191 Auernis.

332 1232 421 1325 Illa,
445 1234 541 1340 Quis
560 1254 595 1307 et
611 1262 690 1327 me,
705 1235 847 1330 inquit,
864 1236 1049 1324 miseram,
1067 1254 1102 1307 et
1118 1254 1153 1307 te
1171 1232 1346 1331 perdidit,
1364 1230 1540 1328 Orpheo?

334 1340 429 1456 Quis
449 1366 570 1423 tantus
589 1335 687 1422 furor
709 1353 725 1422 Ρ
755 1375 801 1423 en
819 1351 948 1422 iterum
969 1347 1123 1422 crudelia
1141 1367 1232 1422 retro

333 1464 419 1538 Fata
438 1484 592 1555 vocant,
613 1466 810 1560 conditque
829 1467 987 1538 natantia
1006 1467 1145 1537 lumina
1166 1485 1327 1538 somnus

329 1570 487 1676 jamque
503 1583 591 1653 vale.
630 1580 722 1654 seror
741 1581 877 1680 ingenti
895 1581 1112 1653 circumdata
1130 1599 1260 1670 nocte,

334 1690 587 1792 Invalidasque
604 1694 671 1768 tibi
691 1697 862 1785 tendens,
884 1697 954 1767 heu
973 1715 1052 1770 non
1070 1716 1132 1768 tua
1150 1699 1157 1766 !
1178 1697 1327 1791 palmas.

334 1810 436 1883 Dixit
457 1840 465 1881 :
494 1826 531 1884 et
550 1836 594 1884 ex
612 1814 728 1885 oculis
748 1812 889 1902 subito,
912 1836 977 1884 ceu
996 1811 1117 1884 fumus
1138 1813 1294 1883 inauras

335 1925 553 2001 Conmixtus
570 1929 711 2017 tenuis,
728 1925 821 2027 fugit
838 1927 974 1999 diversa
998 1956 1006 1997 r
1034 1952 1155 2023 neque
1176 1928 1305 2015 illum,

333 2033 563 2115 Prensantem
581 2043 832 2138 nequidquam
848 2043 1014 2132 umbras,
1039 2061 1074 2116 et
1086 2044 1202 2115 multa
1217 2030 1406 2113 volentem

333 2155 481 2247 Dicere,
501 2177 677 2254 praeterea
694 2158 807 2229 viditr
837 2181 905 2228 nec
923 2159 1077 2253 portitor
1092 2158 1178 2230 Orci

333 2262 503 2368 Amplius
522 2272 701 2373 objectam
721 2288 846 2369 passus
864 2262 1009 2345 transire
1026 2262 1209 2369 paludeme
1262 2294 1267 2302 ·

334 2386 436 2494 Quid
456 2388 583 2461 faceret
603 2391 619 2460 Ρ
648 2415 724 2484 quo
746 2414 783 2462 se
797 2407 896 2483 rapta
913 2388 971 2460 bis
990 2390 1142 2488 conjuge
1159 2386 1288 2459 ferret?

335 2502 421 2607 Quo
442 2503 530 2576 fletu
546 2503 682 2597 Manis,
704 2530 776 2599 qua
794 2505 946 2575 numina
964 2528 1054 2576 voce
1074 2502 1265 2575 moveret?

334 2609 401 2688 Illa
420 2619 570 2712 quidem
588 2606 708 2718 Stygia
725 2606 833 2691 nabat
847 2616 924 2715 jam
944 2618 1069 2718 frigida
1086 2612 1226 2715 cymba.

334 2728 480 2827 Septem
498 2736 604 2805 illurn
619 2754 718 2807 totos
738 2735 926 2830 perhibent
946 2755 990 2806 ex
1010 2735 1135 2806 ordine
1154 2734 1291 2807 mensis

334 2844 440 2941 Rupe
459 2844 525 2920 sub
545 2840 635 2921 aeria
653 2838 780 2923 deserti
798 2848 845 2920 ad
862 2840 1062 2947 Strymonis
1079 2843 1216 2922 undam

334 2950 508 3052 Fleviss'e,
531 2983 568 3035 et
587 2954 714 3062 gelidis
735 2966 821 3036 haec
841 2955 1015 3037 evolvisse
1037 2963 1103 3037 sub
1121 2966 1253 3054 antris,
1317 3040 1322 3057 ‚

333 3068 558 3151 Mulcentem
575 3077 695 3177 tigris,
717 3096 753 3152 et
772 3097 937 3179 agentem
958 3079 1112 3151 carmine
1130 3096 1286 3175 quercus,

334 3189 465 3298 Qualis
484 3194 645 3288 populea
663 3219 824 3268 maerens
842 3194 1045 3266 Philomela
1065 3195 1131 3268 sub
1150 3194 1277 3268 umbra

333 3306 500 3381 Amissus
518 3309 676 3403 queritur
692 3310 802 3391 fetus;
821 3335 916 3406 quos
932 3304 1041 3383 durus
1058 3328 1171 3382 arator

331 3423 534 3496 Observans
552 3422 641 3496 nido
659 3417 837 3521 inplumis
854 3416 1006 3499 detraxit
1024 3453 1032 3495 ε
1063 3437 1098 3498 at
1115 3428 1176 3498 illa

330 3538 409 3610 FIet
426 3558 596 3630 noctem,
614 3566 791 3637 ramoque
807 3543 934 3614 sedens
949 3543 1150 3615 miserabile
1171 3566 1313 3615 carmen

331 3654 510 3753 Integrat,
533 3666 572 3728 et
586 3659 731 3731 maestis
751 3659 820 3729 late
838 3660 919 3730 loca
939 3659 1125 3753 questibus
1142 3660 1267 3754 inplet

333 3768 445 3840 Nulla
462 3764 610 3861 Venus,
631 3795 709 3844 non
726 3770 793 3844 ulli
813 3774 978 3845 animum
993 3772 1121 3845 flexere
1140 3768 1339 3869 hymenaei.

332 3881 439 3955 Solus
458 3883 710 3979 Hyperboreas
729 3889 877 3986 glacies,
897 3878 1127 3983 Tanaimque
1145 3891 1323 3980 nivalem,

333 3996 499 4093 Arvaque
515 3998 687 4094 Rhipaeis
705 4026 910 4098 numquam
929 4006 1074 4076 viduata
1092 4000 1230 4100 pruinis

223 4139 226 4147 ·
333 4112 543 4204 Lustrabat,
564 4135 702 4211 raptam
723 4118 945 4214 Eurydicen,
968 4138 1076 4215 atque
1096 4119 1199 4192 inrita
1218 4118 1314 4193 Ditis

334 4225 443 4299 Dona
462 4253 626 4323 querens.
657 4252 793 4328 spretae
813 4234 994 4307 Ciconum
1016 4260 1090 4330 quo
1111 4261 1259 4308 munere
1276 4253 1431 4335 matres,

333 4341 433 4415 Inter
449 4370 542 4418 sacra
561 4345 694 4440 deum,
713 4350 953 4445 nocturnique
974 4352 1069 4450 orgia
1090 4350 1239 4443 Bacchi,

335 4455 564 4556 Discerptum
584 4465 677 4537 latos
695 4469 868 4565 juvenem
887 4492 1040 4562 sparsere
1060 4492 1124 4563 per
1142 4491 1253 4566 agros.

337 4571 436 4647 Tum
456 4602 605 4676 qnoque
624 4605 822 4654 marmorea
840 4602 950 4677 caput
968 4607 988 4653 a
1006 4583 1138 4656 cervice
1154 4582 1360 4675 revulsum,

1123 4730 1129 4741 ·
1220 4698 1257 4769 Ο
1290 4723 1308 4772 a
