3750 6217
539 666 988 792 Aruernos
1045 715 1128 789 xr.
1186 741 1219 789 v.
1269 718 1361 811 ³⁵8·
1475 737 1554 812 arr

349 880 481 979 Ipsum
502 861 743 971 obtestemur,
765 882 982 977 veniamque
1002 905 1145 954 oremus
1164 881 1210 953 ab
1231 882 1334 976 ipso:

349 998 486 1088 Cedat,
505 1001 565 1097 jus
581 999 772 1093 proprium
787 998 861 1095 regi
880 997 1083 1092 patriaeque
1103 997 1268 1070 remittat.

349 1113 452 1219 Quid
471 1115 621 1186 miseros
639 1113 773 1185 totiens
792 1113 831 1183 in
848 1130 968 1208 aperta
986 1112 1143 1207 pericula
1162 1113 1256 1184 cives

349 1228 521 1328 Projicis,
545 1253 568 1300 o
590 1227 694 1300 Latio
711 1246 821 1323 caput
836 1228 969 1319 horum
986 1244 1022 1299 et
1038 1251 1158 1300 caussa
1175 1229 1356 1300 malorum
1372 1225 1390 1297 ?

1596 798 1606 831 Ι

348 1344 457 1414 Nulla
478 1348 574 1417 salus
591 1344 691 1430 bello
713 1372 722 1413 ι
750 1367 877 1438 pacem
896 1341 1138 1437 reposcimus
1158 1366 1306 1431 omnes,

348 1458 492 1540 Tume;
514 1460 623 1533 simul
643 1461 739 1555 pacis
757 1460 877 1532 solum
895 1456 1107 1531 inviolabile
1126 1458 1268 1556 pignus.

347 1575 488 1648 Primus
508 1601 597 1674 ego,
623 1575 781 1646 invisum
801 1598 912 1668 quern
931 1572 1060 1648 turibi
1079 1571 1203 1671 fingis,
1231 1587 1266 1643 et
1285 1596 1360 1645 esse
1447 1643 1450 1648 .

346 1689 412 1761 Nil
428 1715 575 1788 moror,
595 1715 662 1782 en,
685 1691 840 1786 supplex
858 1689 978 1759 venio.
1015 1687 1179 1759 miserere
1198 1705 1348 1760 tuorum
1365 1719 1373 1769 ;

346 1803 449 1877 Pone
465 1806 628 1895 animos,
654 1820 689 1885 et
707 1807 833 1901 pulsus
850 1804 919 1891 abi.
959 1822 1012 1877 sat
1030 1801 1153 1883 funera
1173 1799 1243 1886 fusi

346 1919 541 2010 Vidimus,
559 1922 712 2019 ingentis
730 1939 765 1992 et
785 1920 1026 1993 desolavimus
1046 1942 1159 2017 agros.

345 2033 439 2125 Aut,
461 2038 490 2108 si
509 2035 604 2108 fama
623 2056 771 2126 movet,
795 2038 823 2108 si
842 2052 983 2109 tantum
1002 2052 1148 2130 pectore
1167 2032 1279 2108 robur

346 2150 544 2246 Concipis,
570 2171 605 2224 et
624 2154 653 2224 si
670 2151 761 2222 adeo
780 2151 912 2223 dotalis
931 2151 1024 2249 regia
1045 2149 1145 2222 cordi
1165 2167 1242 2238 est,

342 2264 469 2358 Aude,
493 2284 601 2362 atque
620 2267 807 2339 adversum
826 2266 942 2339 fidens
961 2264 1012 2337 fer
1030 2284 1156 2361 pectus
1176 2266 1215 2342 in
1234 2264 1388 2344 hostem.

343 2380 502 2473 Scilicet,
525 2403 566 2455 ut
580 2382 706 2453 Turno
723 2381 907 2479 contingat
925 2382 1019 2478 regia
1036 2382 1214 2477 conjunx,

343 2495 444 2587 Nos,
467 2497 606 2569 animae
621 2479 737 2587 viles,
762 2495 948 2571 inhumata
966 2492 1160 2588 infletaque
1177 2493 1300 2585 turba,

340 2611 542 2685 Stemamur
561 2612 708 2708 campis.
752 2631 789 2706 et
802 2613 880 2709 jam
899 2631 958 2698 tu,
979 2610 1009 2681 si
1027 2634 1100 2703 qua
1117 2605 1185 2679 tibi
1205 2610 1280 2700 vis,

340 2724 377 2798 Si
397 2730 501 2824 patrii
522 2729 612 2823 quid
632 2727 756 2801 Martis
775 2725 908 2817 habes,
931 2727 1039 2804 illurn
1056 2723 1203 2819 adspice
1220 2743 1367 2817 contra,

339 2843 416 2949 Qui
434 2862 548 2915 vocat.

339 2956 492 3031 Talibus
508 2958 635 3033 exarsit
651 2958 754 3034 dictis
773 2956 947 3035 violentia
964 2950 1079 3029 Turni
1096 2983 1104 3028 r

339 3072 413 3147 Dat
432 3073 627 3172 gemitum,
651 3073 863 3168 rumpitque
883 3071 947 3144 has
966 3072 1043 3142 imo
1065 3088 1209 3166 pectore
1225 3094 1355 3145 voces:

339 3189 450 3289 Larga
471 3188 647 3282 quidem,
673 3186 830 3276 Drance,
848 3210 990 3282 semper
1007 3186 1075 3259 tibi
1094 3185 1200 3280 copia
1219 3183 1342 3274 fandi,

338 3306 464 3396 Tum,
483 3327 600 3398 quom
617 3303 712 3375 bella
730 3327 860 3376 manus
879 3318 1056 3397 poscunt;
1077 3300 1311 3397 patribusque
1330 3301 1464 3393 vocatis

337 3420 479 3493 Primus
498 3419 583 3494 ades
604 3446 612 3488 ε
643 3418 706 3491 sed
725 3442 803 3491 non
820 3418 991 3514 replenda
1014 3435 1067 3489 est
1086 3417 1181 3489 curia
1199 3418 1332 3507 verbis,

337 3536 441 3642 Quae
458 3554 538 3608 tuto
557 3534 624 3607 tibi
641 3559 773 3635 magna
787 3535 934 3624 volant,
960 3533 1051 3604 dum
1071 3532 1217 3611 distinet
1234 3532 1377 3606 hostem

334 3650 451 3751 Agger
468 3676 698 3741 moerorum,
720 3674 787 3727 noc
804 3648 984 3721 inundant
1005 3649 1177 3747 sanguine
1196 3645 1322 3720 fossae.
1407 3723 1412 3728 ,

336 3765 493 3837 Proinde
515 3784 603 3838 tona
621 3766 795 3861 eloquio,
817 3764 968 3838 solitum
987 3764 1054 3836 tibi
1077 3790 1085 3845 ;
1114 3787 1248 3856 meque
1266 3763 1408 3835 timoris

335 3880 452 3980 Argue
469 3903 530 3968 tu,
555 3880 693 3952 Drance
711 3913 719 3961 ;
744 3880 892 3975 quando
912 3898 970 3954 tot
989 3879 1108 3976 stragis
1127 3900 1270 3948 acervos

334 3995 558 4067 Teucrorum
578 4011 639 4066 tua
656 3994 776 4077 dextra
796 3996 919 4085 dedit,
941 3993 1150 4089 passimque
1166 3991 1321 4088 tropaeis

335 4110 492 4210 Insignis
509 4132 622 4208 agros.
665 4110 781 4205 possit
797 4110 888 4204 quid
905 4110 1023 4182 vivida
1041 4108 1175 4197 virtus,
1247 4104 1251 4118 ’

332 4226 522 4321 Experiere
541 4225 624 4311 licet
646 4251 654 4293 :
684 4248 750 4295 nec
768 4225 878 4323 longe
898 4224 1031 4297 scilicet
1049 4224 1171 4305 hostes

333 4339 539 4447 Quaerendi
557 4339 666 4411 nobis
686 4366 695 4409 ε
725 4339 955 4424 circumstant
974 4328 1137 4433 undique
1156 4364 1292 4414 muros.

332 4454 436 4529 Imus
454 4457 493 4527 in
512 4454 688 4557 adversos,
729 4453 822 4548 quid
840 4478 953 4529 cessas
972 4456 989 4526 i’
1018 4480 1065 4532 an
1083 4454 1149 4527 ribi
1169 4453 1314 4528 Mavors

332 4568 495 4645 Ventoso
512 4572 549 4643 in
568 4571 716 4672 lingua,
739 4568 970 4667 pedibusque
986 4568 1173 4669 fugacibus
1193 4570 1290 4663 istis,
