3750 6217
715 737 814 810 αι,
1015 726 1032 741 ·
1233 713 1913 791 ECLOGA
2022 717 2181 789 v1.
2297 742 2366 788 v:
2458 713 2597 788 6'1:

707 875 909 956 Tum
941 884 1133 955 canit
1170 883 1651 979 Hesperidum
1688 881 2016 950 miratam
2055 879 2247 949 mala
2284 878 2609 974 puellam
2639 907 2659 949 t

707 1000 907 1070 Tum
945 999 1489 1070 Phaetontiadas
1522 1012 1774 1069 'musco
1813 995 2205 1066 circumdat
2238 1018 2516 1065 amarae

709 1114 1015 1186 Corticis
1041 1156 1067 1202 -,
1118 1130 1335 1206 atque
1374 1115 1535 1185 solo
1572 1134 1899 1208 proceras
1936 1110 2137 1206 erigit
2174 1111 2401 1182 alnos.

710 1229 912 1302 Tum
951 1229 1140 1299 canit
1168 1283 1189 1317 ‚
1240 1247 1583 1300 errantem
1631 1226 1975 1298 Permessi
2012 1225 2107 1294 ad
2140 1223 2445 1295 flumina
2482 1224 2784 1298 Gallum
2870 1236 2881 1245 “

707 1343 951 1416 Aonas
990 1344 1068 1413 in
1107 1344 1382 1415 montis
1429 1362 1511 1414 ut
1548 1342 1826 1414 dirxerit
1861 1366 2007 1411 una
2051 1364 2380 1411 soromm
2412 1369 2430 1408 ε

709 1454 952 1553 thue
987 1458 1140 1527 viro
1180 1458 1454 1529 Phoebi
1497 1460 1751 1530 chorus
1792 1455 2251 1527 adsurrexerit
2290 1456 2571 1528 omnist

709 1569 809 1644 Ut
845 1573 1069 1644 Linus
1105 1573 1276 1644 haec
1321 1574 1429 1643 illi
1472 1574 1724 1643 divino
1761 1572 2073 1642 carmine
2106 1589 2396 1665 pastor,

708 1680 1040 1760 Floribus
1081 1706 1295 1782 atque
1333 1688 1505 1784 apio
1553 1688 1763 1759 crinis
1803 1708 2092 1758 ornatus
2134 1710 2378 1757 amaro
2400 1740 2427 1775 ‚

707 1801 988 1875 Dixerit
1021 1831 1037 1871 ε
1092 1802 1252 1874 Hos
1285 1803 1418 1874 tibi
1454 1803 1629 1876 dant
1659 1804 1979 1874 calamos
2016 1803 2163 1893 (en
2196 1802 2493 1896 accipe)
2532 1800 2787 1875 Musae
2806 1818 2843 1897 ς

706 1916 1008 1994 Ascraeo
1049 1943 1238 2012 quos
1275 1937 1438 1991 ante
1477 1919 1627 1991 seni
1667 1947 1685 1987 ε
1740 1917 2007 2012 quibus
2041 1916 2164 1988 ille
2205 1917 2485 1990 solebat

708 2031 1092 2104 Cantando
1126 2034 1386 2132 rigidas
1418 2033 1764 2105 deducere
1804 2032 2185 2104 montibus
2222 2056 2461 2106 ornos.

709 2146 846 2219 His
878 2148 1012 2219 tibi
1051 2146 1320 2242 Grynei
1357 2149 1673 2222 nemoris
1703 2148 1976 2221 dicatur
2009 2148 2210 2247 origo
2240 2175 2259 2217 ε

706 2254 824 2334 Ne
861 2262 1024 2356 quis
1072 2263 1163 2334 sit
1194 2266 1396 2336 lucus
1420 2318 1442 2350 ‚
1487 2289 1638 2358 quo
1674 2290 1747 2336 se
1780 2264 1949 2357 plus
1974 2265 2191 2361 jactet
2226 2262 2529 2358 Apollo.

619 2464 624 2471 .
709 2375 917 2482 Quid
958 2380 1214 2471 loquar
1237 2433 1257 2467 ,
1305 2396 1389 2449 ut
1428 2377 1738 2474 Scyllam
1772 2377 1984 2467 Nisi,
2030 2402 2253 2472 quam
2290 2378 2481 2450 fama
2518 2399 2757 2454 secuta
2786 2400 2949 2474 est,

708 2491 1038 2563 Candida
1074 2493 1504 2565 succinctam
1545 2492 1959 2566 latrantibus
2009 2495 2301 2592 inguina
2334 2497 2678 2570 monstris

707 2605 1079 2680 Dulichias
1113 2632 1396 2681 vexasse
1429 2629 1604 2681 rates
1626 2665 1646 2698 ,
1695 2628 1765 2682 et
1801 2609 2071 2707 gurgite
2110 2612 2186 2679 in
2228 2610 2377 2680 alto

711 2722 878 2813 (Ah
915 2724 930 2792 Ξ
966 2726 994 2816 )
1035 2724 1336 2796 timidos
1373 2744 1620 2797 nautas
1658 2723 1956 2797 canibus
1992 2726 2320 2796 lacerasse
2359 2727 2649 2800 marinis
2680 2754 2701 2808 ς

704 2835 859 2910 Aut
897 2857 980 2909 ut
1010 2858 1327 2912 mutatos
1359 2840 1564 2912 Terei
1600 2841 1968 2912 narraverit
2004 2859 2191 2912 artus
2222 2841 2256 2910 ?

706 2951 915 3057 Quas
952 2954 1058 3024 illi
1106 2952 1505 3028 Philomela
1541 2958 1807 3051 dapes,
1858 2981 2044 3049 quae
2084 2957 2277 3027 dona
2317 2958 2574 3051 pararit
2603 2958 2641 3028 Ξ)

705 3066 886 3172 Quo
941 3094 1144 3141 cursu
1192 3069 1460 3144 deserta
1510 3073 1834 3168 petiverit
1862 3125 1885 3161 ‚
1941 3092 2013 3142 et
2060 3071 2326 3165 quibus
2373 3089 2537 3142 ante

703 3180 975 3255 Infelix
1011 3210 1136 3256 sua
1172 3205 1352 3259 tecta
1388 3189 1995 3283 supervolitaverit
2030 3187 2160 3259 alis
2183 3188 2217 3257 ?

705 3296 984 3369 Omnia
1024 3322 1207 3391 quae
1234 3354 1255 3389 ,
1307 3301 1605 3374 Phoebo
1647 3302 2024 3395 quondam
2059 3302 2453 3373 meditante
2476 3358 2501 3394 ‚
2544 3304 2798 3382 beatus

706 3410 961 3484 Audiit
998 3411 1294 3485 Eurotas
1321 3469 1343 3504 ,
1385 3416 1739 3511 jussitque
1776 3414 2082 3487 ediscere
2124 3419 2359 3489 laurus
2381 3472 2404 3507 ‚

708 3525 847 3596 Ille
886 3528 1133 3612 canit:
1181 3530 1430 3620 pulsae
1467 3528 1775 3602 referunt
1819 3530 1911 3600 ad
1950 3532 2173 3604 sidera
2208 3535 2447 3606 valles.

707 3640 983 3740 Cogere
1022 3642 1257 3714 donec
1295 3645 1451 3715 ovis
1494 3645 1788 3718 stabulis
1816 3701 1839 3736 ‚
1883 3670 2413 3744 numerumque
2450 3651 2701 3728 referre

699 3755 922 3848 Jussit
942 3813 964 3850 ‚
1009 3776 1080 3831 et
1115 3758 1342 3831 invito
1383 3761 1727 3856 processit
1760 3786 2009 3856 vesper
2044 3763 2397 3860 Olympo·
