3750 6217
550 721 998 814 naiteinos
1054 730 1103 813 v.
1161 738 1194 814 v.
1244 733 1335 815 aas.
1461 742 1539 825 rat

333 878 539 993 Troianos,
568 904 597 976 si
616 905 707 998 quid
726 907 839 1000 pietas
858 907 1006 1000 antiqua
1024 907 1162 978 labores

333 1020 495 1115 Respicit
512 1020 713 1100 humanos;
734 1023 781 1092 da
800 1021 986 1092 flammam
1007 1022 1153 1093 evadere
1173 1018 1274 1093 classi

331 1130 458 1225 Nunc,
481 1134 604 1224 Pater,
631 1155 666 1207 et
685 1137 803 1208 tenuis
818 1135 999 1208 Teucrum
1020 1163 1072 1211 res
1092 1138 1188 1232 eripe
1209 1137 1294 1208 letor

332 1248 404 1322 Vel
423 1256 485 1340 tu,
508 1250 610 1343 quod
631 1264 812 1346 supereSt,
833 1249 962 1324 infesto
983 1251 1136 1323 fulmine
1156 1249 1292 1340 morti,

332 1363 370 1436 si
390 1390 552 1454 mereor,
578 1366 753 1458 demitte,
776 1386 911 1461 tuaque
925 1362 983 1438 hic
1005 1367 1116 1438 obrue
1137 1367 1266 1437 dextra.

333 1479 411 1552 Vix
426 1482 514 1551 haec
532 1481 709 1570 ediderat,
732 1492 849 1576 q'uont
869 1480 987 1553 effusis
1005 1481 1181 1553 imbribus
1201 1484 1272 1552 atra

331 1595 546 1691 Tempestas
566 1596 642 1668 sine
661 1612 763 1668 more
783 1596 891 1687 furit,
912 1596 1123 1690 tonitruque
1142 1596 1352 1669 tremiscunt¹

330 1705 453 1782 Ardua
471 1731 663 1801 terrarum,
686 1730 722 1783 et
740 1711 860 1804 campi
884 1737 893 1780 t
923 1712 993 1783 ruit
1014 1713 1150 1783 aethere
1171 1729 1250 1783 toto

332 1824 516 1897 Turbidus
536 1826 650 1898 imber
669 1851 785 1920 aqua,
808 1817 1001 1920 densisque
1018 1825 1227 1925 nigerrimus
1248 1820 1408 1898 Austris}

332 1941 596 2035 Inplenturque
613 1952 720 2036 super
738 1955 905 2037 puppes}
930 1941 1098 2013 s'emius'm
1117 1942 1330 2012 madescunt

334 2053 491 2128 Robora.
531 2057 714 2128 restinctus
733 2057 849 2128 donec
868 2077 981 2150 vapor
999 2058 1142 2146 onmis,
1168 2075 1203 2128 et
1222 2057 1371 2148 omnes,

334 2170 503 2278 Quatuor
519 2172 680 2262 amissis,
707 2187 858 2245 servatae
876 2196 897 2243 a
914 2190 1014 2266 peste
1035 2173 1180 2243 carinae.

388 2284 437 2358 At
453 2298 553 2380 patet
570 2285 732 2377 Aeneas,
757 2305 839 2359 casu
858 2302 1052 2359 concussus
1072 2287 1223 2378 acerbo,

332 2398 439 2473 Nunc
458 2400 528 2471 huc
548 2400 719 2501 ingentis,
742 2426 838 2473 nunc
858 2402 945 2472 illuc
964 2422 1108 2495 pectore
1126 2423 1227 2475 curas

329 2515 513 2606 Mutabat,
537 2540 677 2589 versans
696 2533 705 2598 t
730 2517 904 2589 Siculisne
920 2514 1084 2588 resideret
1099 2517 1210 2607 arvis,

330 2632 478 2705 Oblitus
496 2629 674 2722 fatorum,
702 2633 855 2705 Italasne
875 2650 1069 2725 capesseret
1089 2656 1175 2704 oras:

331 2745 431 2818 Ttltrl
450 2748 568 2819 senior
587 2745 748 2838 Nautes,
773 2768 891 2819 unum
906 2745 1072 2818 Tritonia
1089 2745 1205 2818 Pallas

332 2860 456 2968 Quem
474 2861 620 2950 doduit,
645 2864 831 2957 multaque
852 2862 1032 2960 insignem
1054 2861 1210 2933 reddidit
1228 2865 1321 2943 arte}

331 2976 401 3047 Hic
421 2999 592 3070 responsa
611 2976 740 3067 dabat,
762 2979 820 3047 vel
840 2996 932 3069 quae
951 2976 1179 3070 portenderet
1195 2974 1242 3045 ira

332 3090 459 3189 Magna
481 3090 611 3181 deum,
632 3093 691 3162 vel
708 3111 799 3185 quae
818 3088 975 3190 fatorum
994 3093 1157 3185 posceret
1177 3090 1266 3161 ordo
1284 3102 1295 3171 ξ
1370 3154 1373 3159 .

332 3205 442 3299 Isque
464 3206 518 3276 his
536 3203 684 3276 Aenean
704 3209 837 3279 solatus
855 3205 1006 3277 vocibus
1025 3204 1127 3276 infit:

330 3318 421 3392 Nate
442 3319 531 3410 dea,
556 3344 631 3413 quo
652 3316 721 3392 fata·
741 3321 883 3393 trahunt
900 3321 1173 3415 retrahuntque,
1198 3323 1412 3413 sequamur}

334 3434 528 3542 Quidquid
546 3436 635 3527 erit',
668 3437 868 3533 superanda
891 3436 1011 3508 omnis
1028 3435 1170 3508 fortuna
1189 3432 1337 3507 ferendo
1360 3444 1441 3512 esti*

330 3551 394 3624 Est
411 3551 479 3625 tibi
494 3549 700 3630 ,Dardanius
719 3554 859 3624 divinae
878 3552 994 3647 stirpis
1012 3549 1177 3651 Acestes:

327 3665 439 3739 Hunc
458 3691 545 3762 cape
564 3669 723 3741 consiliis
740 3669 902 3759 socium',
922 3687 957 3738 et
974 3669 1151 3766 conjunge
1168 3668 1372 3739 volentemr

330 3780 424 3853 Huic
442 3781 563 3870 trade,
585 3784 725 3856 amissis
742 3800 910 3880 superant
927 3784 992 3876 qui
1009 3783 1181 3872 navibus,
1205 3800 1240 3853 et
1260 3799 1355 3875 quos

331 3897 536 3969 Pertaesum
555 3899 677 3995 magni
695 3899 828 3993 incepti
846 3923 1036 3992 rerumque
1053 3917 1193 3969 tuarum
1212 3916 1285 3970 est:

333 4011 621 4111 Longaevosque
641 4030 765 4101 senes,
789 4033 829 4085 ac
845 4012 952 4095 fessas
972 4038 1128 4108 aequore
1144 4029 1294 4101 matres,

334 4128 379 4201 Et
397 4108 580 4222 quidquid
597 4147 719 4229 tecum
739 4128 936 4200 invalidum
957 4138 1194 4222 metuensque
1212 4128 1334 4223 pericli
1352 4143 1431 4227 est,

331 4242 461 4343 Delige
484 4273 491 4312 :
522 4259 557 4315 et
573 4243 630 4314 bis
648 4242 802 4315 habeant
818 4245 937 4334 terris,
959 4245 1055 4333 sine,
1078 4244 1224 4315 moenia
1241 4242 1345 4318 fessis

332 4356 470 4430 Urbem
490 4358 726 4453 adpellabunt
743 4360 919 4454 permisso
936 4359 1089 4431 nomine
1106 4358 1280 4433 Atesta'mr

390 4474 543 4548 Talibus
562 4476 726 4548 incensus
746 4475 849 4548 dictis
870 4464 1020 4549 senioris
1039 4474 1155 4548 amicit

331 4571 434 4663 'Tum
451 4615 535 4664 vero
554 4591 593 4664 in
612 4616 711 4667 curas
729 4592 895 4666 animum
915 4590 1095 4665 diducitur
1113 4586 1255 4669 omnis:

1196 4711 1224 4781 F
1239 4710 1258 4781 f
1287 4733 1306 4786 a
