3750 6217
482 702 1142 828 'mortemon-11.
1201 734 1234 782 vs
1285 732 1376 804 259·-
1493 708 1542 799 65

337 863 573 972 Excoquere‚
594 894 629 949 et
645 895 798 977 magnos
816 877 1003 951 scrobibus
1020 875 1207 949 concidere
1225 892 1393 965 montes,

336 993 434 1066 Ante
452 993 633 1086 supinatas
654 991 832 1087 Aquiloni
853 991 1039 1079 ostendere
1059 992 1201 1091 glebas,

338 1108 464 1214 Quam
485 1110 619 1178 laetum
639 1106 796 1180 infodias
816 1109 898 1179 vitis
918 1128 1038 1206 genus.
1081 1126 1231 1202 optuma
1250 1105 1347 1199 putri

336 1210 429 1295 Arva
450 1224 530 1293 solo
548 1251 555 1288 :
586 1221 625 1291 id
641 1224 738 1294 venti
756 1241 900 1313 curant,
926 1223 1134 1321 gelidaeque
1152 1222 1324 1316 pruinae,

335 1339 383 1410 Et
402 1335 574 1408 labefacta
593 1361 745 1409 movens
762 1339 930 1410 robustus
942 1341 1063 1434 jugera
1080 1336 1204 1409 fossor.
1312 1338 1314 1343 ’

334 1443 403 1542 At,
426 1454 456 1523 si
475 1467 570 1546 quos
585 1445 682 1522 haud
700 1454 774 1522 ulla
793 1454 888 1523 viros
905 1452 1088 1549 vigilantia
1104 1449 1214 1549 fugit,

337 1569 433 1638 Ante
453 1569 579 1637 locum
598 1565 753 1637 similem
774 1567 990 1660 exquirunt,
1014 1566 1076 1636 ubi
1095 1567 1212 1659 prima
1231 1574 1371 1660 paretul
1425 1579 1438 1615 x

336 1681 536 1752 Arboribus
556 1705 675 1778 seges,
696 1700 731 1752 et
750 1707 826 1775 quo
846 1705 937 1751 mox
956 1680 1090 1779 digesta
1111 1679 1257 1762 feratur;

336 1785 514 1869 Mutatarr'r
533 1793 697 1894 ignorent
717 1797 838 1868 subito
859 1819 905 1865 ne
922 1797 1060 1867 semina
1077 1814 1238 1867 matrem.
1349 1796 1352 1800 ’

338 1911 569 2017 Quinetiam
589 1912 681 1981 coeli
701 1911 886 2010 regionem
904 1911 943 1981 in
963 1912 1092 1983 cortice
1112 1910 1269 2009 signant:

336 2020 408 2117 Ut,
432 2051 508 2121 quo
526 2048 690 2120 quaeque
707 2025 823 2098 modo
850 2027 1000 2116 steterit,
1026 2051 1097 2120 qua
1116 2043 1215 2120 parte
1231 2025 1366 2099 calores

335 2131 525 2214 Austrinos
547 2140 685 2231 tulerit,
704 2166 796 2236 quae
814 2158 908 2239 terga
929 2141 1117 2213 obverterit
1137 2141 1222 2230 axi,

336 2256 559 2329 Restituant:
588 2254 678 2326 adeo
700 2258 739 2327 in
756 2257 884 2329 teneris
902 2281 1129 2330 consuescere
1147 2257 1306 2329 multum
1327 2262 1388 2330 ests

337 2371 522 2461 Collibus,
544 2394 592 2441 an
610 2361 722 2466 plano
743 2372 874 2443 melius
894 2373 939 2445 sit
957 2398 1093 2468 ponere
1110 2372 1242 2462 vitem,

336 2485 477 2591 Quaere
496 2487 604 2582 prius.
642 2488 671 2559 si
688 2488 834 2585 pinguis
853 2512 954 2586 agros
972 2487 1150 2559 metabere
1171 2488 1313 2581 campi,

335 2599 456 2673 Densa
477 2619 548 2673 sere
567 2630 575 2670 r
605 2602 644 2672 in
662 2603 775 2675 denso
794 2599 873 2674 non
893 2604 1033 2702 segnior
1049 2593 1157 2673 ubere
1177 2600 1342 2676 Bacchus.

308 2702 397 2786 ,Sin
416 2717 565 2789 tumulis
583 2698 721 2790 adclive
740 2718 862 2791 solum
882 2719 1065 2820 collisque·
1076 2718 1247 2826 supinos,

335 2828 490 2928 Indulge
508 2831 718 2905 ordinibus:
750 2854 816 2904 nec
836 2834 948 2905 secius
968 2832 1089 2905 omnis
1107 2833 1147 2901 in
1161 2854 1321 2929 unguem

333 2941 534 3018 Arboribus
553 2947 682 3040 positis
701 2965 799 3019 secto
811 2948 875 3033 ,via
894 2947 1010 3018 limite
1030 2925 1187 3040 quadret.

333 3047 385 3131 Ut
405 3083 510 3153 saepe
530 3061 666 3157 ingenti
684 3061 785 3133 bello
804 3086 920 3154 quom
940 3063 1048 3159 longa
1068 3057 1234 3131 cohortes

333 3174 519 3269 Explicuit
538 3156 658 3273 legio,
680 3194 716 3248 et
734 3201 864 3271 campo
884 3177 979 3248 stetit
997 3199 1127 3275 agmen
1146 3175 1294 3270 aperto,

333 3288 568 3383 Directaeque
588 3291 698 3380 acies,
722 3313 763 3362 ac
778 3293 850 3379 late
866 3289 1014 3390 fluctuat
1031 3292 1152 3364 omnis
1188 3383 1193 3393 ι

332 3403 422 3477 Aere
442 3404 618 3476 renidenti
638 3407 769 3496 tellus,
791 3413 859 3476 nec
878 3406 968 3477 dum
987 3406 1128 3477 horrida
1144 3405 1298 3477 miscent

332 3508 487 3609 Proelia,
510 3520 574 3591 sed
594 3519 728 3605 dubius
745 3503 876 3593 mediis
893 3507 988 3595 Mars
1006 3540 1095 3594 errat
1110 3523 1149 3592 in
1166 3502 1290 3592 a'rmis:

331 3635 467 3705 Omnia
487 3635 559 3707 sint
578 3635 727 3729 paribus
745 3637 903 3709 numeris
921 3635 1085 3707 dimensa
1101 3619 1260 3715 viarum;

331 3744 419 3819 Non
437 3750 603 3821 animum
620 3752 737 3822 modo
757 3751 811 3823 uti
832 3771 954 3845 pascat
970 3769 1181 3846 prospectus
1200 3752 1361 3820 inanemz

331 3861 402 3934 Sed
423 3864 508 3956 quia
525 3888 604 3934 non
620 3866 722 3936 aliter
736 3867 828 3938 vires
845 3848 946 3936 dabit
967 3865 1139 3937 omnibus
1155 3888 1286 3957 aequas

333 3976 463 4067 Terre,
484 4001 604 4072 neque
622 3979 661 4048 in
676 4004 835 4058 ,vacuom
855 3999 1026 4075 poterunt
1044 4005 1080 4052 se
1098 3979 1286 4051 extendere
1303 3979 1403 4052 rami.

388 4088 553 4165 Forsitan
572 4112 608 4165 et
627 4077 814 4167 scrobibus
834 4120 926 4190 quae
946 4097 1017 4167 sint
1036 4094 1347 4195 fastigiaquaeras.
1378 4180 1380 4185 ,

330 4207 460 4281 Ausim
477 4207 536 4279 vel
554 4211 654 4281 tenui
674 4210 786 4282 vitem
804 4211 1015 4282 conmittere
1037 4213 1148 4283 sulcos

330 4318 449 4395 Altlor'
467 4348 508 4394 ac
528 4325 675 4420 penitus
694 4344 802 4398 terrae
822 4323 986 4424 defigitur
1003 4324 1132 4416 arbos,
1163 4401 1165 4407 ,

332 4437 505 4511 Aesculus
524 4440 564 4510 in
582 4440 735 4536 primis:
765 4466 857 4536 quae
877 4461 1055 4536 quantum
1071 4443 1199 4514 vertice
1217 4440 1264 4515 ad
1283 4464 1382 4517 auras

333 4550 699 4643 Aetherias‚,tantunr
716 4557 833 4629 radice
852 4556 892 4627 in
910 4555 1054 4629 Tartara
1071 4557 1197 4630 tendit
1305 4665 1307 4669 ι

1289 4670 1310 4743 1

1528 2460 1537 2509 l
