3750 6217
420 751 975 845 AENEIDOS'V,
1033 787 1066 846 v.
1126 765 1193 842 28.
1337 786 1415 854 cos

214 926 335 1010 Flecte
353 929 450 1001 viam
465 930 563 1002 velis.
600 954 647 1002 an
666 929 711 1004 sit
730 929 820 1000 mihi
840 930 970 1028 gratior
985 931 1083 1020 ulle,

215 1041 349 1149 Quove
367 1045 482 1142 magis
497 1046 608 1145 fessas
627 1063 755 1140 optem
774 1044 960 1117 demittere
978 1045 1102 1135 navis,

214 1157 339 1267 Quam
360 1184 452 1253 quae
472 1157 694 1233 Dardanium
707 1160 814 1232 tellus
831 1159 921 1231 mihi
943 1179 1054 1233 servat
1072 1159 1249 1255 Acesten,

214 1272 261 1345 Et
275 1275 384 1369 patris
401 1273 576 1358 Anchisae
595 1274 732 1373 gremio
754 1275 994 1368 conplectitur
1011 1279 1122 1349 ossa?

214 1388 315 1463 Haec
333 1388 397 1460 ubi
417 1389 536 1478 dicta,
558 1408 689 1485 petunt
707 1407 855 1484 portus,
881 1408 917 1467 et
932 1390 1009 1460 vela
1030 1391 1177 1465 secundi

215 1503 417 1577 Intendunt
435 1504 607 1600 Zephyri,
641 1503 749 1577 fertur
767 1505 835 1576 cita
852 1505 987 1602 gurgite
1005 1506 1147 1586 classis:

215 1620 261 1692 Et
277 1620 527 1705 tandemlaeti
546 1638 655 1691 notae
673 1618 901 1692 advertuntur
917 1644 1049 1693 arenae.

214 1732 263 1806 At
282 1737 419 1831 procul
427 1735 568 1808 excelso
585 1735 733 1807 miratus
751 1734 877 1805 vertice
895 1735 1034 1807 montis

214 1849 420 1923 Adventum
441 1851 627 1943 sociasque
643 1867 754 1938 rates,
778 1848 929 1927 occurrit
949 1846 1116 1941 Acestes,

214 1963 390 2043 Horridus
408 1966 447 2044 in
462 1965 589 2063 jaculis
607 1982 643 2037 et
661 1965 758 2058 pelle
773 1962 970 2058 Libystidis
989 1989 1111 2061 ursae-a

215 2079 324 2151 Troia
344 2079 515 2152 Crimisso
533 2096 755 2172 conceptum
774 2076 925 2150 flumine
945 2097 1057 2159 mater

213 2195 339 2302 Quem
358 2196 490 2294 genuit
525 2213 686 2269 veterum
703 2218 781 2270 uon
798 2193 980 2267 inmemor
996 2195 1058 2273 ille
1077 2213 1268 2290 parentum

214 2309 377 2382 Gratatur
395 2310 566 2401 reduces,
591 2329 627 2386 et
644 2334 725 2408 gaza
742 2309 853 2387 laetus
870 2310 994 2408 agresti

213 2425 379 2521 Excipit,
402 2451 443 2498 ac
459 2424 574 2498 lbssos
594 2424 727 2521 opibus
748 2426 883 2496 solatur
899 2424 1034 2502 amicis,

152 2619 155 2625 ¹
271 2540 414 2613 Postera
434 2566 551 2634 quom
569 2542 690 2635 primo
710 2539 828 2612 stellas
847 2539 994 2616 Oriente
1013 2539 1148 2639 fugarat

214 2654 317 2726 Clara
334 2654 411 2728 dies
428 2686 437 2736 ;
468 2657 587 2732 socios
604 2655 643 2725 in
664 2672 812 2733 coetum
830 2654 932 2726 litore
950 2653 997 2725 ab
1018 2656 1123 2729 omni

214 2770 377 2842 Advocat
395 2769 552 2859 Aeneas,
571 2770 777 2869 tumulique
795 2792 840 2839 ex
855 2793 978 2867 aggere
998 2767 1112 2873 satura

214 2882 440 2963 Dardanidae
454 2883 600 2983 magni,
625 2906 736 2982 genus
754 2884 828 2954 alto
846 2909 867 2954 a
888 2884 1061 2981 sanguine
1075 2881 1230 2977 divdrn,

213 2998 369 3072 Annuus
388 3000 518 3070 exactis
536 2999 724 3093 conpletur
739 2998 926 3077 mensibus
947 2997 1072 3090 orbis,

213 3115 271 3187 Ex
291 3137 367 3208 quo
383 3114 551 3207 reliquias
570 3113 756 3206 divinique
774 3136 853 3187 ossa
869 3113 1026 3207 parentis

213 3229 459 3304 Condidimus
475 3247 583 3319 terra,
609 3245 833 3321 maestasque
852 3228 1064 3302 sacravimus
1080 3253 1164 3303 aras

209 3342 366 3438 Jamque
381 3344 479 3434 dies,
502 3345 541 3414 ni
561 3343 686 3433 fallor,
710 3340 829 3433 adest,
851 3366 963 3437 quem
984 3368 1124 3439 semper
1140 3343 1331 3445 acerbum,

213 3457 363 3553 Semper
382 3460 600 3533 honoratum
621 3458 697 3552 (sic
716 3455 778 3532 Dii
795 3458 986 3553 voluistis)
1005 3458 1158 3534 habebo.

212 3573 322 3645 Hunc
340 3599 408 3673 ego
428 3572 590 3653 Gaetulis
608 3597 747 3672 agerem
766 3572 796 3651 si
813 3572 973 3668 Syrtibus
990 3575 1116 3664 exsul,

212 3687 426 3787 Argolicove
444 3689 534 3772 mari
552 3687 771 3783 deprensus,
796 3707 833 3766 et
850 3686 939 3773 urbe
955 3687 1152 3783 Mycenaea

213 3803 344 3875 Annua
359 3821 444 3884 vota
462 3821 584 3881 tamen
602 3803 861 3897 sollemnisque
879 3803 1006 3885 ordine
1025 3826 1183 3898 pompas

213 3918 457 4012 Exsequerer3
482 3935 725 4012 strueremque
745 3919 817 3992 suis
835 3919 956 4001 altaria
975 3917 1093 3991 donis.

212 4031 323 4117 Nunc
342 4033 437 4103 ultro
458 4031 505 4115 ad
522 4033 655 4104 cineres
674 4033 788 4126 ipsius
806 4051 843 4115 et
862 4057 942 4106 ossa
960 4032 1138 4129 parentis,

213 4145 325 4217 Haud
342 4146 513 4240 equidem
534 4148 610 4218 sine
626 4165 768 4238 mente,
789 4174 890 4240 reor,
914 4149 991 4222 sine
1007 4149 1159 4230 numine
1177 4144 1304 4227 divdm

213 4260 419 4352 Adsumus,
441 4281 477 4335 et
492 4280 618 4357 portus
637 4261 746 4347 delati
765 4264 940 4339 intramus
958 4265 1119 4345 amicos·

213 4375 307 4476 Ergo
326 4377 437 4475 agite,
459 4396 496 4463 et
512 4380 646 4462 laetum
664 4380 784 4452 cuncti
803 4380 1023 4464 celebremus
1041 4379 1244 4455 honoremr

214 4490 409 4569 Poscamus
426 4513 553 4566 ventos
568 4521 579 4577 a
606 4512 716 4589 atque
734 4494 822 4568 haec
841 4520 901 4577 me
921 4521 1015 4570 sacra
1033 4497 1246 4588 quotannis

214 4603 310 4686 Urbe
326 4608 414 4682 velit
431 4610 550 4704 posita
565 4611 714 4720 templis
731 4611 801 4694 sibi
821 4609 909 4698 ferre
925 4609 1061 4695 dicatis.
