3750 6217
531 723 982 822 l'snrloos'
1039 721 1123 822 xl
1176 773 1211 822 v.
1261 735 1324 826 ἰιι
1467 746 1546 842 363

328 894 487 986 Abstulit
504 928 576 982 atra
596 911 692 1003 dies,
718 931 754 984 et
771 905 895 984 funere
914 913 1036 986 mersit
1053 913 1191 986 acerbos
1553 898 1558 905 ’

390 1027 447 1098 Sic
468 1026 785 1118 aitinlacrimans,
806 1029 1007 1122 recipitque
1027 1028 1073 1099 ad
1090 1029 1216 1099 limina
1233 1033 1412 1124 gressumt

332 1142 477 1237 Corpus
497 1126 562 1211 u'bi
582 1142 740 1212 exanimi
760 1143 924 1237 positum
945 1142 1115 1215 Pallantis
1136 1141 1290 1213 Acoetes

331 1247 497 1330 Servabat
513 1252 657 1328 senior.
689 1257 754 1350 qui
774 1249 957 1329 Parrhasio
976 1235 1146 1329 Euandro

332 1351 497 1468 Armiger
514 1388 596 1441 ante
615 1368 704 1450 fuit;
728 1370 791 1442 sed
811 1395 888 1442 non
909 1359 1074 1443 felicibus
1094 1395 1209 1465 aeque

334 1485 436 1555 Tum
456 1508 580 1557 comes
600 1485 769 1580 auspiciis
786 1511 866 1557 caro
888 1486 992 1558 datus
1010 1486 1084 1557 ibat
1103 1481 1265 1556 alumno.

332 1599 479 1670 Circum
500 1582 621 1671 omnis
641 1599 897 1728 famulumque
916 1595 1065 1691 manus,
1085 1600 1316 1694 Troianaque
1333 1587 1459 1689 turba,

335 1713 383 1786 Et
401 1733 582 1787 maestum
603 1714 735 1810 Iliades
755 1715 889 1785 crinem
908 1715 954 1812 de
974 1739 1077 1807 more
1097 1717 1245 1809 solutae.

337 1828 387 1900 Ut
406 1853 490 1899 vero
510 1818 684 1901 Aeneasf
682 1798 805 1912 oribus
823 1842 899 1902 sese
916 1798 1038 1900 intulit
1056 1797 1158 1919 altls‚

335 1920 528 2047 ingentem
549 1943 725 2042 gemitum
744 1944 860 2016 tunsis
879 1945 925 2014 ad
946 1944 1062 2016 sidera
1078 1938 1217 2017 tollun't

336 2057 569 2146 Pectoribus,
592 2075 804 2157 maestoque
821 2057 978 2156 inmugit
995 2059 1088 2157 regia
1107 2059 1217 2132 luctus

333 2174 419 2269 lpse
440 2188 547 2266 caput
564 2172 660 2243 nivei
680 2159 814 2245 fultum
834 2170 1004 2245 Pallantis
1024 2190 1060 2244 et
1080 2180 1141 2244 oni

339 2276 389 2360 Ut
405 2286 496 2358 vidit
507 2288 684 2379 ,levique
702 2307 828 2383 patens
848 2289 887 2357 in
908 2298 1053 2383 pectdre
1070 2291 1202 2360 volnus

333 2400 510 2497 Cuspidis
529 2392 734 2491 Ausoniae,
761 2403 941 2498 lacrimis
932 2421 982 2473 rta
1001 2399 1094 2473 fatur
1114 2396 1274 2474 obortis.

334 2511 492 2605 Tene,
484 2507 623 2609 inquit,
641 2492 843 2588 miserande
861 2526 972 2635 puer,
996 2513 1113 2608 quom
1132 2513 1222 2590 laeta
1242 2489 1396 2608 veniret,

334 2631 476 2703 Invidit
494 2631 653 2705 Fortuna
670 2631 786 2719 mihi,
810 2655 857 2702 ne
877 2630 984 2739 regna
1002 2616 1140 2704 videres

332 2745 464 2818 Nostra
476 2751 668 2839 ‚neque
648 2742 694 2816 a'd
714 2724 815 2818 sedes
833 2748 948 2818 victor
962 2746 1123 2816 veherere
1143 2746 1338 2840 paternas?

332 2859 421 2930 Non
439 2859 527 2932 llaec
545 2859 715 2931 Euandro
733 2831 780 2929 de
797 2879 833 2932 te
851 2862 1029 2956 promissa
1046 2860 1184 2954 parenti

332 2950 530 3047 Discedens
550 2972 746 3045 dederam:
777 2999 894 3103 quom
915 2998 975 3043 me
995 2972 1196 3068 conplexus
1212 2973 1359 3046 'euntem

333 3087 519 3161 Mitteret
510 3113 549 3199 ιιι
568 3110 744 3187 magnum
762 3085 975 3183 imperium,
995 3097 1234 3200 metuensque
1254 3093 1418 3162 moneret

331 3196 433 3276 Acris
454 3228 528 3294 esse
545 3205 663 3291 viros,
689 3207 776 3274 cum
795 3193 885 3274 dura
904 3199 1041 3298 'proelia
1060 3222 1173 3300 gente.

333 3316 379 3390 Et
400 3326 499 3390 nunc
519 3311 581 3389 ille
601 3312 801 3411 quidem
773 3331 838 3412 sp'e
857 3318 1016 3390 multum
1037 3330 1161 3413 captus
1179 3317 1277 3388 inani

245 3496 251 3507 .
331 3430 421 3504 Fors
439 3451 474 3504 et
491 3449 578 3504 vota
596 3431 701 3525 facit,
726 3429 960 3527 cumulatque
977 3426 1099 3504 altaria
1119 3433 1237 3504 donis.

332 3541 415 3646 Nos
430 3547 604 3646 juvenem
622 3550 855 3636 exanimum,
877 3566 913 3619 et
931 3548 984 3618 nil
998 3535 1075 3645 jam
1088 3534 1309 3647 ‚coelestibus
1326 3536 1416 3622 ullis

261 3706 263 3711 ·
320 3649 565 3753 Debenterr'r,
589 3679 684 3734 vano
703 3663 830 3734 maesti
849 3663 1067 3765 comitamur
1084 3662 1233 3734 honoret

332 3767 485 3867 lnleliri‚
509 3779 581 3849 nati
602 3776 714 3850 funus
733 3758 1048 3870 crudele-videbis.

333 3878 384 3960 lli
407 3893 521 3965 nostri
541 3893 695 3981 reditus,
718 3892 986 3991 'crispectatique'
1002 3872 1204 3986 triumphi?

337 3996 436 4076 Haec
453 4031 535 4075 mea
554 4008 686 4104 niag'na
705 4006 826 4078 fides?
856 4026 892 4079 at
909 4030 1007 4097 non,
1027 4000 1218 4096 Euandre,
1238 4004 1420 4102 pudendis

334 4105 560 4192 Voln'eribus
578 4121 728 4214 pulsum
749 4105 926 4217 adspicies
947 4150 955 4191 ι
985 4134 1052 4193 nec
1073 4121 1209 4216 sospite
1228 4123 1349 4194 dirum

336 4231 495 4332 OPtabis
515 4255 601 4308 nato
623 4234 733 4308 funus
752 4244 861 4330 patet.
900 4222 958 4308 hei
978 4233 1091 4327 mihi5
1114 4247 1292 4331 quantum

337 4348 560 4423 Praesidium
580 4345 762 4439 Ausonia,
781 4368 821 4421 et
840 4368 1019 4444 quantum
1040 4369 1079 4423 tu
1101 4353 1242 4446 perdis,
1264 4350 1363 4425 liile!

394 4451 495 4539 llaec
515 4463 579 4538 ubi
600 4465 765 4555 deflevit,
788 4466 872 4537 tolli
892 4458 1092 4539 miserabile
1113 4475 1243 4563 corpus

339 4578 520 4679 Imperat,
541 4589 673 4657 eltuto
694 4583 807 4655 lectos
827 4586 871 4655 eir
888 4582 1032 4682 agmine
1052 4569 1165 4654 mittit

1172 4697 1238 4769 Za
1272 4721 1290 4772 a
