3750 6217
281 833 1429 1111 GEORGICON

415 1152 774 1310 'tursrn
842 1178 1206 1264 paruus

253 1443 403 1551 QUID
423 1443 528 1514 faciat
544 1444 650 1516 laetas
670 1459 827 1541 segetes,
850 1420 925 1537 quo
949 1435 1059 1515 sidere
1077 1462 1202 1514 terram

252 1560 417 1649 Vertere,
441 1558 649 1647 Maecenas,
674 1559 858 1651 ulmisque
878 1559 1068 1656 adjungere
1087 1558 1174 1630 vites

252 1675 483 1747 Conveniat:
514 1698 606 1768 quae
633 1698 713 1743 cura
734 1673 874 1765 bourn,
892 1675 971 1766 qui
996 1675 1112 1744 cultus
1134 1664 1302 1744 habendo

250 1790 302 1863 Sit
321 1790 465 1886 pecori,
495 1788 624 1884 apibus
644 1807 776 1883 quanta
796 1788 1012 1883 experientia
1037 1786 1176 1882 parcis,

251 1906 347 1976 Hinc
367 1929 488 1976 canere
509 1904 691 1999 incipiam.
729 1929 825 1993 vos,
849 1930 871 1975 o
891 1904 1081 1974 clarissima
1101 1902 1231 1973 mundi

251 2019 429 2109 Lumina,
452 2019 633 2090 labentem
658 2020 762 2090 coelo
784 2044 876 2113 quae
899 2019 1027 2090 ducitis
1052 2041 1217 2106 annum,

251 2134 385 2223 Liber,
408 2152 443 2204 et
460 2137 555 2205 alma
576 2133 704 2212 Ceres:
727 2153 841 2206 vestro
862 2137 890 2206 si
911 2157 1059 2205 munere
1081 2128 1187 2205 tellus

250 2249 457 2321 Chaoniam
477 2249 789 2347 pinguiglandem
809 2251 959 2321 mutavit
975 2250 1096 2339 arista,

250 2366 461 2457 Poculaque
482 2364 635 2436 inventis
654 2363 825 2437 Acheloia
842 2356 987 2437 miscuit
1006 2363 1106 2437 uvis:

249 2480 293 2551 Et
310 2505 403 2569 vos,
426 2498 600 2577 agrestum
620 2482 813 2574 praesentia
834 2482 1006 2571 numina,
1033 2474 1062 2550 F
1062 2479 1168 2570 auni,

248 2595 348 2666 Ferte
370 2596 479 2667 simul
499 2594 684 2689 Faunique
702 2595 862 2690 pedem,
886 2596 1116 2693 Dryadesque
1137 2588 1301 2690 puellae:

248 2706 400 2781 Munera
425 2728 537 2782 vestra
563 2734 665 2781 cano.
708 2729 820 2804 tuque
844 2736 892 2800 0,
915 2713 973 2782 cui
998 2713 1114 2806 prima
1140 2710 1351 2783 frementem

249 2823 359 2895 Fudit
378 2849 536 2918 equom,
558 2850 693 2922 magno
712 2828 816 2897 tellus
831 2851 994 2919 percussa
1011 2818 1176 2913 tridenti,

249 2937 447 3033 Neptune:
476 2957 511 3008 et
529 2940 647 3009 cultor
666 2963 882 3028 nemorum,
906 2941 963 3010 cui
985 2940 1133 3037 pinguia
1154 2938 1246 3009 Ceae

250 3051 324 3122 Ter
343 3069 489 3121 centum
509 3053 603 3121 nivei
624 3053 776 3123 tondent
794 3053 940 3124 dumeta
954 3046 1120 3150 juvenci:

249 3166 364 3261 Ipse,
389 3189 518 3237 nemus
537 3167 707 3259 linquens
725 3168 881 3261 patrium
901 3171 1081 3260 saltusque
1101 3164 1259 3261 Lycaei,

249 3280 325 3351 Pan
346 3279 472 3351 ovium
496 3300 638 3370 custos,
664 3299 723 3352 tua
748 3306 810 3353 seu
834 3280 900 3353 tibi
926 3272 1087 3353 Maenala
1111 3307 1237 3373 curae,

248 3395 355 3468 Adsis
382 3419 404 3464 o
426 3393 585 3492 Tegeaee
607 3395 754 3488 favens,
783 3400 955 3492 oleaeque
977 3396 1136 3469 Minerva

247 3509 456 3599 Inventrix,
480 3512 640 3605 uncique
664 3537 752 3607 puer
773 3532 990 3587 monstrator
1011 3513 1131 3602 aratri,

246 3625 291 3697 Et
309 3646 466 3697 teneram
485 3626 531 3698 ab
551 3628 667 3698 radice
688 3626 827 3717 ferens,
856 3626 1020 3720 Silvane,
1047 3653 1274 3725 cupressum:

246 3740 379 3835 Diique
401 3741 561 3834 deaeque
585 3767 740 3833 omnes,
772 3744 931 3817 studium
951 3743 1084 3839 quibus
1101 3770 1180 3815 arva
1194 3746 1284 3817 tueri
1294 3763 1311 3839 ‚'

247 3853 397 3959 Quique
415 3880 527 3928 novas
545 3858 637 3930 alitis
655 3882 732 3929 non
749 3861 829 3929 ullo
850 3861 985 3933 semine
1004 3858 1138 3959 fruges:

247 3968 397 4074 Quique
416 3972 497 4042 satis
518 3974 654 4070 largum
674 3976 778 4045 coelo
798 3973 981 4048 demittitis
1003 3975 1165 4047 imbrem.

246 4083 380 4178 Tuque
401 4086 521 4175 adeo,
551 4113 661 4181 quern
682 4114 774 4160 mox
797 4116 888 4186 quae
910 4091 979 4163 sint
998 4086 1156 4163 habitura
1179 4090 1331 4167 deomm

248 4198 439 4291 Concilia,
464 4202 634 4273 incertum
656 4222 707 4275 est
726 4235 735 4285 ;
765 4206 907 4278 urbisne
927 4207 1095 4297 invisere,
1119 4205 1261 4299 Caesar,

247 4312 508 4409 Terrarumque
525 4319 611 4391 velis
635 4344 782 4390 curam:
813 4339 847 4391 et
866 4339 901 4393 te
924 4346 1115 4395 maxumus
1137 4302 1233 4399 Arbis

246 4429 438 4503 Auctorem
459 4430 601 4531 frugum
619 4454 947 4532 tempestatumque
966 4456 1155 4533 potentem

183 4592 185 4599 ·
246 4544 433 4645 Adcipiat,
455 4549 600 4654 cingens
617 4570 774 4629 matema
789 4570 954 4652 tempora
974 4571 1092 4650 myrto
1109 4586 1120 4641 ς
