3750 6217
339 708 420 781 290
507 672 955 757 AENEIDOS
1012 683 1162 768 v111.
1221 711 1256 757 v.
1307 673 1401 772 ιη’.

334 852 382 928 Et
399 851 486 921 vitta
505 869 649 922 comtos
664 851 782 921 voluit
800 845 1026 942 praetendere
1047 872 1190 928 ramos;

333 968 423 1039 Non
440 966 611 1059 equidem
631 966 802 1054 extimui,
822 964 990 1034 Danalrm
1012 963 1115 1064 quod
1135 963 1283 1053 ductor,
1302 981 1338 1035 et
1351 959 1495 1059 Arcas,

338 1083 527 1189 Quodque
544 1081 590 1152 ab
610 1083 716 1175 stirpe
736 1080 828 1152 loros
847 1080 1000 1178 geminis
1021 1081 1236 1176 conjunctus
1255 1076 1412 1163 Atridis;

336 1198 406 1270 Sed
426 1223 507 1268 mea
525 1224 585 1271 me
605 1198 732 1288 virtus,
755 1214 791 1268 et
811 1214 928 1274 sancta
950 1197 1090 1266 oracula
1110 1192 1262 1286 divom,

337 1313 566 1412 Cognatique
587 1332 722 1407 patres,
746 1331 808 1384 tua
827 1311 925 1384 tenis
945 1311 1058 1381 didita
1077 1308 1192 1400 lama,

336 1431 565 1525 Conjunxere
588 1428 676 1517 tibi,
702 1447 737 1501 et
762 1427 843 1506 fatis
866 1453 967 1524 egere
991 1427 1188 1497 volentem.

338 1544 550 1633 Dardanus,
573 1545 701 1614 Iliacae
718 1545 858 1640 primus
878 1563 976 1638 pater
996 1540 1093 1613 urbis
1109 1561 1144 1614 et
1162 1559 1307 1635 auctor,

335 1662 491 1749 Electra,
515 1681 555 1730 ut
574 1659 669 1730 Graii
690 1657 903 1753 perhibent,
929 1657 1113 1737 Atlantide
1124 1653 1265 1748 cretus,

336 1775 535 1858 Advebitur
555 1775 716 1860 Teucros,
738 1802 746 1842 ε
776 1774 953 1852 Electram
973 1797 1167 1847 maxumus
1186 1774 1285 1848 Atlas

341 1892 492 1978 Edidit,
514 1891 686 1961 aetherios
705 1891 856 1960 humero
876 1889 943 1982 qui
960 1889 1109 1960 sustinet
1127 1889 1240 1960 orbes.

338 2007 458 2078 Vobis
480 2005 673 2077 Mercurius
691 2029 791 2100 pater
811 2023 888 2092 est,
914 2030 1024 2096 quem
1045 2005 1197 2074 candida
1217 2005 1313 2076 Maia

341 2123 513 2216 Cyllenae
531 2121 651 2218 gelido
673 2140 891 2213 conceptum
910 2119 1039 2192 vertice
1059 2118 1163 2206 ludit.

341 2237 391 2310 At
409 2236 563 2323 Maiam,
589 2235 721 2306 auditis
741 2236 768 2307 si
791 2234 993 2328 quidquam
1013 2236 1213 2326 credimus,
1233 2232 1355 2325 Atlas,

339 2353 446 2423 Idem
464 2351 563 2424 Atlas
582 2368 744 2447 generat,
767 2351 862 2430 coeli
881 2351 947 2444 qui·
967 2351 1078 2422 sidera
1098 2353 1205 2423 tollit.

341 2468 399 2538 Sic
421 2491 533 2562 genus
554 2467 749 2536 amborum
771 2465 900 2542 scindit
917 2491 953 2542 se
973 2470 1143 2565 sanguine
1163 2467 1209 2538 ab
1230 2490 1317 2537 uno.

343 2583 412 2653 His
432 2580 539 2653 fretus
557 2606 633 2656 non
652 2584 808 2680 legatos,
829 2607 949 2674 neque
968 2583 1083 2678 prima
1103 2609 1166 2677 per
1186 2605 1299 2654 artem

342 2698 582 2769 Teutamenta
603 2698 658 2773 tui
676 2698 800 2794 pepigi
824 2726 832 2765 z
861 2723 943 2785 me,
971 2723 1032 2768 me
1051 2698 1152 2793 ipse,
1170 2721 1372 2792 meumque

341 2813 470 2909 Objeci
492 2832 622 2907 caput,
643 2831 679 2884 et
698 2814 853 2907 supplex
875 2814 922 2882 ad
946 2815 1071 2886 limina
1095 2815 1189 2886 veni.

341 2929 441 3000 Gens
457 2930 606 3018 eadem,
632 2955 723 3022 quae
745 2948 802 3016 te,
823 2928 957 2999 cnrdeli
977 2929 1116 3000 Daunia
1136 2931 1234 3001 bello

310 3111 315 3128 ,
343 3045 550 3137 Insequitur
569 3074 577 3122 ;
601 3071 670 3118 nos
688 3047 716 3115 si
736 3046 894 3138 pellant,
923 3046 1014 3117 nihil
1032 3045 1128 3116 afore
1148 3045 1318 3136 credunt,

341 3159 445 3264 Quin
469 3185 617 3231 omnem
637 3160 848 3254 Hesperiam
868 3162 1013 3253 penitus
1031 3187 1095 3251 sua
1112 3162 1179 3233 sub
1194 3165 1279 3260 juga
1299 3161 1470 3234 mittant:

236 3265 239 3272 Δ
339 3275 387 3346 Et
406 3301 522 3363 mare,
547 3275 654 3368 quod
671 3301 797 3368 supra,
815 3293 981 3366 teneant,
1006 3279 1180 3371 quodque
1197 3278 1312 3348 adluit
1331 3276 1431 3350 infra

341 3388 508 3483 Adcipe,
534 3391 653 3482 daque
677 3390 797 3461 fidem.
843 3413 925 3463 sum
949 3393 1056 3464 nobis
1081 3393 1184 3465 fortia
1205 3393 1303 3465 bello

342 3504 511 3594 Pectora,
535 3525 617 3576 sunt
639 3506 778 3602 animi,
802 3525 837 3576 et
854 3507 960 3577 rebus
981 3529 1135 3602 spectata
1151 3513 1333 3608 juventus.

341 3619 487 3693 Dixerat
504 3620 650 3692 Aeneas.
697 3622 756 3691 ille
779 3647 842 3709 os,
874 3626 1074 3716 oculosque
1096 3626 1278 3718 loquentis

337 3736 421 3827 Jam
441 3737 602 3827 dudum,
626 3757 662 3818 et
681 3755 805 3818 totum¹
822 3737 990 3813 lustrabat
1010 3742 1149 3811 lumine
1167 3766 1307 3835 corpus.

344 3853 443 3923 Tum
467 3855 515 3925 sic
536 3880 649 3948 pauca
669 3853 771 3925 refert
798 3882 808 3922 z
837 3853 886 3925 Ut
905 3874 963 3943 te,
991 3854 1182 3928 fortissime
1200 3858 1406 3951 Teucrum,

344 3969 501 4063 Adcipio
523 3970 778 4068 adgnoscoque
798 3969 914 4042 libens
938 3972 945 4040 !
977 3991 1017 4042 ut
1035 3973 1140 4043 verba
1160 3974 1336 4067 parentis,

346 4084 393 4155 Et
410 4110 538 4168 vocem
556 4085 730 4157 Anchisae
749 4086 893 4184 magni,
915 4089 1132 4182 voltumque
1152 4091 1341 4170 recordor!

344 4200 442 4270 Nam
459 4200 612 4295 memini
632 4199 810 4271 Hesionae
828 4202 1007 4277 visentem¹
1024 4229 1129 4302 regna
1150 4208 1280 4277 sororis

345 4315 683 4387 Laomedontiaden
706 4317 907 4406 Priamum,
932 4317 1113 4416 Salamina
1129 4340 1336 4415 petentem,

344 4430 519 4502 Protenus
539 4431 705 4524 Arcadiae
725 4433 862 4528 gelidos
882 4434 1030 4516 invisere
1049 4436 1139 4510 finis.

344 4545 445 4617 Turn
464 4547 554 4617 mibi
575 4548 689 4642 prima
710 4573 818 4645 genas
835 4550 987 4621 vestibat
1007 4550 1094 4622 llore
1107 4555 1298 4650 juventas:
