3750 6217
552 782 1328 857 taurinosx.esa
1485 810 1562 878 w,

346 947 464 1042 Atque
486 950 613 1040 iterum
635 953 671 1021 in
693 952 853 1022 Teucros
875 949 1012 1029 Aetolis
1033 950 1140 1046 surgit
1161 948 1206 1018 ab
1225 948 1331 1042 Arpis

343 1068 516 1161 Tydides.
559 1068 756 1161 equidem,
785 1068 915 1151 crede,
943 1093 1023 1135 mea
1042 1068 1186 1134 volnera
1207 1084 1356 1135 restant:

343 1185 389 1254 Et
409 1202 469 1254 tua
492 1184 680 1280 progenies
698 1183 862 1253 mortalia
883 1182 1054 1251 demoror
1071 1205 1177 1249 arma.

343 1298 378 1376 Si
400 1301 476 1381 sine
497 1292 588 1399 pace
604 1318 686 1387 tna,
709 1317 821 1399 atque¹
840 1299 954 1383 inrito
973 1297 1123 1397 numine
1143 1295 1257 1374 Troes

265 1506 269 1512 ι
342 1391 485 1485 Italiam
505 1404 660 1509 petiere;
686 1393 787 1482 luant
807 1400 981 1507 peccata:
1014 1437 1132 1503 neque
1152 1412 1236 1480 illos

340 1529 479 1618 Juveris
500 1522 646 1624 auxilio.
685 1529 738 1597 sin
760 1547 814 1598 tot
833 1552 1002 1619 responsa
1021 1528 1155 1614 secuti,

343 1643 448 1749 Quae
469 1644 595 1739 Superi
616 1643 815 1746 Manesque
832 1643 986 1722 ‹lahaut;
1009 1669 1071 1712 cur
1090 1624 1189 1712 nunc
1206 1658 1265 1713 tua
1288 1644 1499 1738 quisquam

341 1758 488 1831 Vertere
504 1763 599 1857 jussa
621 1777 742 1853 potest
762 1761 777 1827 Ρ
808 1777 868 1829 aut
888 1785 950 1828 cur
969 1784 1062 1864 nova
1081 1756 1235 1860 condere
1255 1756 1356 1827 sarta?

344 1872 447 1978 Quid
466 1894 624 1968 repetam
644 1892 784 1974 exustas
802 1874 956 1983 Erycino
976 1874 1014 1942 in
1036 1875 1138 1944 litore
1157 1874 1316 1943 classes?

261 1984 267 1997 ⁴
341 1989 444 2091 Quid
467 2008 724 2088 tempestatum
744 2015 881 2086 regem,
904 2007 1107 2082 ventosque
1127 1987 1274 2059 furentis

337 2103 464 2173 Aeolia
483 2106 620 2174 excitos
641 2106 656 2173 ?
687 2126 747 2173 aut
768 2121 882 2197 actanr
907 2104 1066 2174 uuhihus
1090 2104 1210 2172 lrirn?

318 2218 446 2288 -Nunc
467 2220 575 2290 etiam
597 2218 716 2289 Manis
738 2219 845 2311 (haec
865 2220 1038 2297 intentata
1058 2219 1227 2314 manebat

338 2331 420 2404 Sors
438 2336 575 2428 rerum)
597 2351 739 2420 movet,
764 2353 799 2403 et
817 2336 953 2426 superis
974 2333 1119 2421 inmissa
1138 2352 1284 2427 repente

337 2444 504 2536 Allect0,
523 2450 661 2518 medias
684 2448 815 2518 ltaliam
837 2449 1001 2517 bacchata
1022 2473 1086 2541 per
1104 2450 1217 2520 urbes.

338 2560 399 2630 Nil
420 2589 525 2656 super
548 2565 700 2665 imperio
725 2588 899 2631 naor-’eort
930 2563 1149 2655 speravimus
1173 2565 1261 2650 ista,

335 2674 436 2747 Dum
457 2677 600 2748 fortuna
621 2678 713 2748 suit:
743 2660 906 2766 sincarr't,
927 2700 1021 2769 quos
1039 2678 1178 2748 vincere
1194 2679 1317 2749 nausis.

335 2789 372 2865 Si
392 2793 492 2862 nulla
512 2811 564 2864 est
583 2793 703 2889 regi0,
725 2792 872 2863 Teucris
894 2817 1009 2885 quam
1025 2792 1086 2862 det
1106 2809 1167 2861 tua
1189 2793 1349 2888 conjunx

335 2907 456 2984 Dura;
483 2932 547 3000 per
568 2932 723 2994 eversae,
744 2906 904 3005 genitor,
930 2904 1107 2976 fumantia
1129 2906 1258 2978 Troiae

333 3021 481 3092 Excidia
501 3021 680 3109 obtestor,
708 3022 811 3091 liceat
829 3020 1007 3113 dimittere
1028 3021 1076 3113 ab·
1096 3022 1203 3093 annis

334 3137 566 3207 Incolumern
584 3134 804 3222 Ascanium,
828 3136 930 3234 liceat
951 3160 1131 3228 superesse
1151 3156 1335 3230 nepotem.

332 3251 469 3322 Aeneas
488 3252 615 3344 procul
636 3251 769 3348 ignotis
784 3242 932 3346 jactetur
950 3252 987 3320 in
1008 3251 1078 3321 oris
1091 3281 1101 3340 ;Β

331 3366 397 3454 Et,
424 3390 696 3458 quamcumque
714 3367 811 3437 viam
832 3365 969 3461 dederit
990 3366 1165 3455 Fortuna,
1188 3385 1372 3457 serpratur:

331 3481 441 3550 Hunc
459 3499 598 3577 tegere,
623 3501 657 3552 et
678 3481 773 3550 dirae
791 3482 927 3550 valeam
950 3480 1148 3565 subducere
1168 3506 1318 3577 pugnae.

333 3596 396 3666 Est
416 3594 614 3684 Amathus,
637 3614 689 3667 est
709 3597 800 3687 celsa
821 3595 911 3664 rnihi
934 3596 1097 3698 PaphoS,
1120 3614 1227 3688 atque
1245 3594 1418 3690 Cythera,

333 3710 540 3803 Idaliaeque
558 3712 693 3782 domus
719 3739 726 3778 :
757 3711 885 3804 positis
908 3710 1083 3805 inglorius
1103 3711 1209 3781 annis

327 3825 456 3921 Exigat
474 3820 531 3893 hic
549 3815 689 3918 aevom.
731 3850 861 3929 magna
882 3825 1022 3933 ditione
1037 3823 1167 3920 jubeto

330 3938 506 4035 Carthago
528 3960 669 4030 premat
688 3940 887 4010 Ausoniam
910 3968 917 4008 :
949 3940 1039 4010 nihil
1059 3938 1208 4011 urbibus
1228 3939 1313 4010 inde

330 4051 501 4123 Ohstabit
521 4052 649 4145 Tyriis.
695 4055 787 4146 quid
804 4073 944 4145 pestem
964 4053 1110 4124 eradere
1130 4053 1218 4123 belli

325 4166 447 4256 Juvit,
469 4184 504 4236 et
524 4155 711 4264 Argolicos
728 4169 897 4256 medium
915 4167 1047 4267 fr-rgisse
1064 4192 1127 4260 per
1146 4168 1271 4264 ignis?

331 4281 481 4373 Totque
500 4282 629 4368 maris,
651 4301 841 4376 vastaeque
861 4283 1029 4363 exhausta
1047 4283 1202 4376 pericula
1222 4302 1351 4371 terrae,

330 4394 433 4466 Dum
456 4395 599 4472 Latium
618 4396 749 4466 Teucri
770 4397 994 4495 recidivaque
1014 4395 1184 4493 Pergama
1204 4402 1406 4491 quaeruut?

329 4509 416 4578 Non
439 4511 545 4580 satius
564 4511 697 4581 cineres
717 4514 850 4606 patriae
872 4512 1042 4583 insedisse
1063 4535 1270 4604 supremos,

329 4623 449 4718 Atque
469 4627 588 4697 solum
604 4680 615 4715 ,
638 4652 713 4719 quo
736 4626 845 4699 Troia
864 4627 935 4701 fuit
954 4629 970 4698 Ρ
1000 4628 1190 4718 Xanthum
1209 4647 1244 4701 et
1260 4627 1446 4702 Simoenta
