3750 6217
444 708 978 813 rrni1uosr.
1037 736 1208 825 aaa

177 992 180 1005 Ι
227 894 492 982 Dissimulant;
517 920 553 974 et
569 902 667 975 nube
687 927 769 973 cava
787 902 1013 998 speculantur
1028 903 1174 990 amicti,

228 1019 334 1126 Quae
353 1018 495 1091 fortuna
510 1019 617 1099 'visin
643 1021 792 1097 classem
814 1025 890 1110 quo
909 1018 1013 1089 litore
1029 1018 1219 1111 linquant:

225 1136 330 1241 Quid
348 1135 502 1205 veniant
543 1136 680 1208 cunctis
700 1156 787 1205 nam
806 1133 889 1203 lecti
907 1132 1059 1205 navibus
1078 1133 1200 1221 ibant,

227 1250 379 1323 Orantes
398 1250 566 1340 veniam,
591 1272 626 1323 et
644 1251 827 1343 templum
847 1248 1003 1319 clamore
1021 1248 1199 1343 petebant

285 1364 486 1458 Postquam
506 1362 733 1464 introgressi,
758 1382 793 1436 et
812 1380 934 1434 coram
954 1362 1035 1435 data
1055 1363 1161 1458 copia
1176 1362 1299 1444 fandi;

160 1473 162 1479 ¹
229 1479 425 1581 Maxumus
444 1478 605 1553 Ilioneus
625 1480 770 1576 placido
792 1475 843 1552 sic
863 1495 1005 1573 pectore
1024 1480 1166 1573 coepit:

227 1598 265 1669 O
284 1597 424 1695 regina,
444 1619 579 1667 novam
600 1596 656 1668 cui
677 1595 830 1667 c'ondere
844 1588 1014 1688 Juppiter
1032 1594 1178 1684 urbem,

222 1712 439 1805 Justitiaque
457 1707 557 1783 dedit
576 1711 691 1811 gentis
708 1710 841 1781 frenare
860 1709 1048 1804 superbas,

227 1824 341 1899 Troes
361 1846 396 1897 te
416 1826 558 1916 miseri,
579 1825 695 1898 ventis
712 1827 824 1897 maria
844 1826 970 1896 omnia
987 1826 1100 1914 vecti,

225 1943 408 2014 Oramus:
438 1943 592 2036 prohibe
613 1940 781 2014 infandos
801 1939 993 2013 anavibus
1014 1938 1130 2040 ignist

227 2056 333 2130 Parce
351 2058 414 2152 pio
434 2060 578 2155 generi,
605 2077 640 2130 et
659 2058 811 2153 propius
830 2081 882 2128 res
899 2040 1043 2152 adspice
1061 2045 1219 2131 nostras·¹

227 2172 314 2245 Non
332 2198 402 2245 nos
421 2192 482 2244 aut
501 2170 591 2245 ferro
614 2172 770 2268 Libycos
790 2172 967 2267 populare
987 2172 1128 2245 Penatis
1212 2154 1218 2166 ⁴

224 2282 429 2376 Venimus,
452 2306 513 2359 aut
529 2304 645 2383 raptas
665 2289 711 2358 ad
731 2290 836 2359 litora
851 2307 982 2359 venere
1002 2287 1172 2382 praedas:

225 2403 314 2477 Non
334 2431 375 2475 ea
391 2404 445 2475 vis
464 2405 610 2494 animo,
636 2428 702 2475 nec
720 2422 818 2475 tanta
838 2403 1002 2497 superbia
1021 2402 1132 2475 victis.

226 2519 289 2592 Est
308 2522 438 2608 locus,
468 2510 679 2615 Hesperiam
700 2517 796 2589 Graii
814 2519 1033 2617 cognomine
1051 2518 1204 2609 dicunt,

228 2632 334 2704 Terra
352 2635 518 2729 antiqua,
539 2650 669 2729 potens
690 2636 818 2723 armis,
841 2653 949 2727 atqie
970 2634 1077 2706 ubere
1097 2635 1239 2733 glebae:

227 2749 379 2820 Oenotri
397 2751 540 2823 coluere
556 2748 622 2821 viii
642 2775 650 2817 ε
679 2768 777 2820 nunc
796 2744 914 2838 fama,
934 2750 1094 2822 minores

235 2861 379 2934 Italiam
400 2863 530 2937 dixisse
547 2862 649 2936 ducis
666 2860 711 2936 de
731 2861 882 2935 nomine
901 2881 1054 2962 gentem.
1148 2890 1151 2895 ·

227 2978 312 3050 Huc
331 3004 451 3051 cursus
468 2977 546 3052 fuit.

226 3092 358 3199 Quom
379 3093 498 3166 subito
516 3095 706 3195 adsurgens
723 3094 834 3168 fluctu
851 3094 1044 3169 nimbosus
1062 3092 1180 3169 Orion

225 3208 272 3280 In
288 3210 380 3279 rada
396 3233 496 3280 caeca
515 3212 617 3301 tulit,
635 3214 853 3308 penitusque
873 3212 1084 3308 procacibus
1101 3211 1260 3303 Austris,

226 3324 365 3417 Perque
387 3315 522 3414 undas,
544 3347 730 3421 superante
748 3330 852 3418 salo,
876 3352 1012 3423 perque
1032 3329 1127 3399 invia
1146 3352 1226 3400 saxa

224 3434 395 3534 Dispulit
434 3437 505 3510 huc
524 3444 630 3538 pauci
650 3445 773 3516 vestris
791 3443 1001 3515 adnavimus
1022 3444 1101 3516 oris.

1354 756 1431 830 129

225 3550 341 3660 Quod
350 3568 461 3654 genus
471 3556 571 3629 hocc'
581 3558 933 3653 hominum,quaeve
943 3558 1123 3631 hunctam
1133 3559 1278 3632 barbara
1289 3580 1432 3633 morem

228 3669 404 3741 Pemrittit
420 3659 531 3765 patria
550 3674 566 3743 ?
587 3674 748 3770 hospitio
771 3675 1009 3770 prohibemur
1028 3700 1161 3747 arenae,

225 3778 324 3855 Bella
344 3786 459 3876 cient,
471 3789 673 3884 ¹primaque
688 3809 810 3864 vetant
829 3790 1018 3864 consistere
1037 3786 1135 3863 terr'a.
1250 3816 1253 3821 ’

225 3897 262 3970 Si
281 3922 394 3999 genus
412 3900 615 3976 humanum
634 3924 669 3977 et
687 3908 852 3978 mortalia
869 3906 1030 3980 temnitis
1049 3923 1167 3985 arma;

226 4012 274 4085 At
292 4032 428 4110 sperate
447 4017 536 4090 deos
554 4044 733 4095 memores
750 4020 850 4094 fandi
870 4041 978 4117 atque
998 4021 1155 4094 nefandi.

225 4126 305 4200 Rex
323 4148 394 4202 erat
412 4130 551 4208 Aeneas
567 4130 704 4227 nobis,
730 4163 806 4232 quo
824 4138 956 4238 justior
976 4140 1062 4211 alter

227 4240 304 4316 Nec
324 4247 456 4341 pietate
474 4248 570 4340 fuit,
596 4274 662 4322 nec
681 4253 780 4324 bello
803 4257 918 4353 major
935 4271 971 4326 et
989 4254 1106 4326 annis.

228 4358 354 4466 Quem
375 4363 404 4434 si
422 4359 491 4437 fata
506 4366 624 4439 virum
646 4388 803 4459 servant,
829 4372 858 4442 si
877 4370 1028 4443 vescitur
1046 4390 1129 4442 aura

228 4473 411 4569 Aetheria,
431 4503 550 4577 neque
570 4482 687 4556 adhuc
705 4486 910 4559 crudelibus
931 4486 1084 4558 occubat
1103 4484 1262 4566 umbris}

230 4588 317 4665 Non
337 4611 474 4690 metus,
497 4599 615 4674 officio
636 4624 683 4672 ne
701 4620 738 4675 te
758 4620 904 4677 certasse
921 4602 1080 4698 priorem
1259 4592 1262 4597 ’

1138 4714 1174 4789 R
