3750 6217
550 722 1001 814 naiteinos
1058 720 1106 812 X.
1164 743 1341 818 v.‘688.
1466 764 1546 837 355

388 903 436 978 At
451 892 553 994 Jovis
571 905 703 975 interea
723 904 874 978 monitis
894 905 1093 978 Mezentius
1113 906 1239 977 ardens

330 1020 496 1095 Succedit
515 1044 680 1118 pugnae,
701 1021 936 1115 Teucrosque
957 1021 1094 1093 invadit
1115 1022 1265 1092 ovantis.

331 1138 561 1209 Concurrunt
581 1135 783 1230 Tyrrhenae
804 1137 916 1224 acies,
943 1153 1053 1229 atque
1074 1138 1247 1207 omnibus
1268 1136 1351 1227 uni,

330 1252 404 1324 Uni
427 1249 593 1342 odiisque
613 1251 690 1321 viro
710 1253 863 1343 telisque
882 1251 1131 1344 frequentibus
1152 1253 1293 1322 instant

329 1368 421 1457 Ille,
447 1369 546 1437 velut
565 1390 691 1465 rupes,
713 1385 855 1438 vastum
877 1391 971 1459 quae
989 1367 1111 1461 prodit
1128 1368 1168 1437 in
1187 1390 1343 1459 aequor,

331 1484 451 1555 Obvia
470 1499 659 1552 ventonrm
678 1479 795 1570 furiis,
816 1500 1039 1574 expostaque
1059 1502 1202 1574 ponto,

332 1598 424 1669 Vim
446 1610 637 1684 cunctam,
659 1614 768 1688 atque
786 1577 904 1666 minas
922 1594 1052 1689 perfert
1072 1598 1238 1689 coelique
1257 1596 1460 1690 marisque:

332 1715 418 1808 Ipsa
438 1713 578 1781 inmota
595 1729 728 1783 manet.
765 1712 908 1805 prolem
930 1710 1167 1783 Dolichaonis
1185 1710 1348 1781 Hebrum

332 1827 461 1899 Sternit
478 1826 605 1913 humi,
630 1850 714 1895 cum
736 1851 811 1918 quo
834 1825 1032 1923 Latagum,
1060 1810 1303 1918 Palmumque
1324 1824 1505 1924 fugacem:

331 1940 401 2014 Sed
422 1940 597 2038 Latagum
617 1961 700 2011 sauro
727 1959 833 2033 atque
854 1941 990 2037 ingenti
1012 1940 1186 2038 fragmine
1207 1942 1344 2011 montis

333 2059 500 2150 Occupat
520 2080 561 2126 os
581 2053 783 2148 faciemque
803 2056 986 2125 adversam
1009 2081 1017 2123 ε
1047 2057 1191 2149 poplite
1212 2056 1384 2126 Palmum

331 2171 476 2242 Succiso
496 2169 594 2240 volvi
616 2184 762 2269 segnem
783 2168 889 2248 sinit;
912 2177 1083 2262 armaque
1102 2170 1221 2243 Lauso

334 2286 459 2381 Donat
478 2286 607 2355 habere
624 2285 804 2373 humeris,
829 2304 863 2354 et
882 2286 1013 2355 vertice
1034 2285 1138 2381 figere
1159 2287 1285 2357 cristas.

332 2401 410 2475 Nec
430 2425 507 2471 non
530 2400 718 2471 Euanthen
736 2392 956 2496 Phrygium,
983 2399 1191 2492 Paridisque
1208 2400 1386 2470 Mimanta

332 2516 533 2608 Aequaiem
551 2516 800 2608 comitemque
822 2541 830 2581 :
860 2538 931 2582 una
951 2538 1061 2606 quem
1082 2533 1188 2585 nocte
1208 2496 1359 2585 Theano

334 2630 379 2700 ln
399 2632 519 2701 lucem
540 2628 691 2727 genitori
713 2620 853 2724 Amyco
872 2612 996 2718 dedit,
1017 2648 1052 2700 et
1072 2627 1146 2699 face
1164 2640 1335 2728 praegnas

336 2744 464 2816 Cisseis
484 2746 603 2843 regina
623 2733 726 2815 Parin
752 2772 760 2814 ι
791 2740 889 2816 Paris
909 2742 997 2814 urbe
1015 2759 1160 2837 paterna

335 2857 524 2931 Occubat:
555 2860 717 2958 ignamm
737 2859 891 2929 Laurens
912 2855 1021 2928 habet
1039 2878 1099 2928 o'ra
1117 2857 1304 2929 Mimanta·

338 2974 389 3045 Ac
406 2975 505 3044 velut
519 2973 580 3044 ille
600 2997 730 3045 canum
750 2985 874 3044 morsu
893 2972 939 3043 de
958 2971 1148 3073 montibus
1169 2973 1249 3044 altis

337 3087 446 3160 Actus
467 3113 570 3181 aper,
592 3089 730 3160 multos
749 3082 906 3159 Vesulus
927 3110 1039 3181 quem
1059 3085 1191 3181 pinifer
1209 3110 1323 3159 annos

337 3200 528 3292 Defendit,
545 3204 726 3274 multosve
745 3204 850 3296 palus
870 3202 1081 3290 Laurentia,
1102 3203 1189 3273 silva

335 3317 460 3390 Pastus
477 3312 692 3407 arundinea,
714 3335 911 3413 postquam
931 3318 1020 3387 inter
1036 3317 1121 3387 retia
1140 3334 1288 3387 ventum
1310 3335 1387 3407 est,

334 3431 518 3521 Substitit,
540 3431 798 3525 infremuitque
818 3430 943 3522 ferox,
967 3450 1001 3503 et
1020 3432 1195 3502 inhorruit
1212 3457 1354 3513 armos;

335 3548 411 3618 Nec
436 3534 609 3642 cuiquam
629 3548 729 3619 irasci
750 3547 947 3642 propiusve
967 3542 1135 3618 adsedere
1155 3548 1290 3628 virtusr

336 3662 407 3735 Sed
422 3664 553 3763 jaculis
572 3661 733 3767 tutisque
751 3665 880 3756 procul
897 3655 1116 3734 clamoribus
1134 3664 1287 3732 instante

339 3780 407 3848 llle
426 3796 551 3850 autem
570 3772 762 3873 inpavidus
782 3779 892 3873 partis
909 3790 1092 3851 cunctatur
1112 3777 1150 3877 in
1173 3777 1316 3868 omnis,-

339 3892 517 3964 Dentibus
538 3892 764 3982 infrendens,
787 3896 823 3965 et
841 3910 940 3991 tergo
960 3877 1095 3964 decutit
1114 3893 1238 3990 hastas.

336 4005 447 4077 Haud
467 4002 585 4096 aliter,
603 4009 718 4104 justae
737 4009 871 4102 quibus
895 4014 948 4080 est
965 4006 1161 4078 Mezentius
1180 4008 1269 4096 irae,

337 4120 426 4192 Non
444 4116 509 4192 ulli
530 4137 582 4191 est
599 4123 742 4195 animus
761 4124 879 4195 stricto
901 4130 1107 4196 concurrere
1128 4120 1240 4192 ferrot'

336 4232 536 4309 Missilibus
557 4239 688 4335 longe,
716 4257 751 4309 et
769 4244 868 4310 vasto
886 4240 1042 4309 clamore
1063 4240 1249 4310 lacessunt.¹

337 4349 495 4424 Venerat
511 4353 668 4445 antiquis
689 4342 838 4447 Corythi
860 4342 905 4423 de
923 4353 1056 4426 finibus
1074 4354 1215 4440 Acron,

337 4465 467 4539 Graius
484 4467 626 4569 homo;
649 4466 802 4538 infectos
823 4469 994 4560 linquens
1013 4466 1189 4566 profugus
1209 4462 1451 4564 hymenaeos:

338 4567 451 4665 Hunc
472 4578 537 4654 ubi
554 4584 767 4670 miscentem
786 4585 895 4681 longe
913 4568 1034 4656 media
1054 4584 1197 4685 agmina
1216 4584 1330 4675 vidit,

1166 4698 1199 4771 Y
1214 4726 1240 4795 y
1272 4723 1291 4773 a
