3750 6217
514 697 963 781 'AENEIDOS
1020 705 1116 780 ΙΙΙ.
1175 726 1350 802 naqa.

331 875 527 968 Litoraque
548 873 647 968 Epiri
668 872 845 972 legimus,
867 891 1048 968 portuque
1068 871 1231 946 subimus

332 990 522 1078 Chaoni0,
548 1009 583 1060 et
600 993 732 1062 celsam
749 987 913 1061 Buthroti
928 989 1136 1061 adcedimus
1152 987 1289 1059 urbem

389 1101 459 1175 Hic
481 1104 700 1178 incredibilis
717 1127 836 1173 rerum
856 1103 952 1174 fama
973 1122 1124 1197 occupat
1140 1104 1254 1190 auriS,

332 1220 538 1292 Priamiden
558 1220 741 1291 Helenum
761 1216 885 1291 Graias
905 1244 1047 1317 regnare
1064 1244 1128 1312 per
1147 1218 1273 1308 urbes,

333 1335 518 1435 Conjugio
538 1334 714 1405 Aeacidae
734 1333 856 1428 Pyrrhi
877 1335 1096 1429 sceptrisque
1117 1335 1302 1428 potiturus

331 1452 378 1525 Et
396 1452 511 1545 patrio
528 1448 807 1521 Andromachen
825 1449 955 1521 iterum
974 1450 1116 1522 cessisse
1135 1448 1273 1522 marito.

333 1566 519 1661 Obstupui
537 1596 545 1645 ;
572 1565 742 1658 miroque
762 1564 949 1636 incensum
969 1584 1094 1658 pectus
1112 1587 1258 1652 amore,

333 1681 549 1775 Conpellare
568 1681 710 1769 uirum,
733 1698 768 1751 et
788 1703 888 1751 casus
907 1694 1120 1778 cognoscere
1137 1697 1267 1751 tantos.

334 1795 546 1894 Progredior
562 1813 691 1890 portu,
714 1797 840 1866 classes
858 1809 893 1865 et
910 1796 1015 1866 litora
1034 1795 1212 1889 linquens,

333 1911 529 1983 Sollemnis
547 1929 626 1981 tum
645 1910 735 1981 forte
754 1911 885 2003 dapes,
909 1929 945 1980 et
962 1910 1071 1981 tristia
1091 1910 1210 1999 dona,

333 2024 428 2098 Ante
448 2027 575 2097 urbem
595 2024 635 2095 in
653 2028 735 2100 luco
756 2024 835 2096 falsi
855 2023 1052 2096 Simoentis
1071 2025 1118 2095 ad
1136 2027 1275 2096 undam

334 2138 489 2213 Libabat
508 2142 617 2213 cineri
636 2139 910 2228 Andromache,
932 2139 1125 2234 Manisque
1143 2139 1294 2229 vocabat

333 2257 554 2329 Hectoreum
575 2255 621 2326 ad
640 2258 825 2327 tumulum
844 2283 851 2322 r
881 2254 984 2325 viridi
1006 2281 1118 2349 quem
1139 2256 1272 2351 cespite
1290 2257 1461 2346 inanem,

334 2372 380 2444 Et
397 2373 576 2470 geminas,
596 2395 755 2443 caussam
776 2370 951 2459 lacrimis,
975 2391 1162 2443 sacraverat
1178 2396 1261 2444 aras.

335 2485 385 2558 Ut
404 2514 464 2559 me
482 2488 672 2582 conspexit
689 2487 916 2574 venientem,
940 2505 976 2558 et
995 2485 1104 2556 Troia
1124 2489 1259 2560 circum

334 2600 444 2671 Arma
464 2628 588 2675 amens
604 2603 716 2681 vidit;
740 2601 879 2698 magnis
896 2603 1058 2673 exterrita
1077 2604 1248 2677 monstris

335 2715 498 2813 Deriguit
516 2719 596 2790 visu
617 2718 655 2787 in
674 2717 798 2787 medio
826 2743 834 2784 ε
864 2717 961 2785 calor
981 2741 1059 2787 ossa
1078 2717 1232 2810 reliquit.

335 2827 509 2901 Labitur:
539 2834 704 2930 erlongo
722 2832 784 2901 vix
802 2830 949 2902 tandem
969 2848 1134 2924 tempore
1151 2830 1263 2903 faturr

334 2943 476 3016 Verane
495 2962 530 3016 te
550 2944 677 3034 facies,
698 2963 801 3016 venrs
818 2945 909 3015 mihi
927 2945 1075 3018 nuntius
1095 2944 1231 3035 adfers,

334 3059 428 3131 Nate
448 3054 547 3130 dea?
576 3060 745 3131 vivisne?
776 3079 858 3149 aut,
880 3061 909 3132 si
929 3061 994 3129 lux
1010 3062 1104 3133 alma
1121 3060 1284 3149 recessit,

334 3175 472 3247 Hector
487 3173 551 3245 ubi
572 3177 660 3248 est?
689 3175 805 3265 dixit,
826 3175 1062 3268 lacrimasque
1080 3174 1228 3266 effudit,
1251 3194 1287 3248 et
1305 3189 1460 3251 omnem

334 3290 496 3385 Inplevit
514 3293 671 3363 clamore
691 3293 826 3362 locum.
866 3289 928 3360 vix
945 3315 1059 3383 pauca
1077 3290 1207 3362 furenti

333 3404 516 3503 Subjicio,
539 3426 574 3479 et
592 3406 675 3477 raris
692 3404 853 3477 turbatus
871 3388 1023 3477 vocibus
1041 3406 1166 3479 hisco:

333 3518 434 3592 Vivo
454 3522 652 3614 equidem,
672 3523 858 3616 vitamque
878 3538 1034 3593 extrema
1051 3547 1116 3617 per
1135 3522 1262 3597 omnia
1278 3520 1387 3601 ducos

334 3632 391 3707 Ne
408 3636 533 3710 dubita
557 3665 565 3707 z
594 3661 681 3708 nam
700 3661 781 3708 vera
796 3637 906 3709 vides.

334 3750 418 3822 Heu
436 3754 445 3822 !
477 3755 559 3846 quis
575 3771 611 3824 te
629 3778 731 3825 casus
750 3753 925 3853 dejectam
943 3753 1096 3852 conjuge
1112 3772 1214 3826 tanto

335 3865 481 3963 Excipit
504 3869 520 3937 ?
551 3887 612 3943 aut
632 3893 723 3960 quae
741 3868 849 3966 digna
867 3869 949 3940 satis
968 3868 1125 3939 Fortuna
1143 3860 1297 3940 revisit?

336 3979 504 4053 Hectoris
522 3981 773 4052 Andromache
797 3981 955 4077 Pyrrhin'
975 3982 1159 4054 connubia
1179 3981 1325 4068 servas?

337 4089 478 4195 Dejecit
495 4098 661 4185 voltum,
682 4114 716 4167 et
733 4096 888 4170 demissa
905 4120 997 4169 voce
1015 4100 1137 4171 locuta
1153 4116 1233 4173 est:

335 4211 374 4282 0
398 4211 486 4281 felix
506 4236 577 4282 una
596 4228 679 4282 ante
699 4211 785 4283 alias
801 4209 973 4284 Priameia
991 4215 1109 4312 virgo,

268 4408 271 4417 ,
337 4325 525 4398 Hostilem
540 4327 586 4397 ad
604 4328 788 4398 tumulum
809 4325 940 4399 Troiae
959 4328 1028 4401 sub
1046 4328 1240 4404 moenibus
1256 4332 1339 4409 altis

338 4440 442 4530 Jussa
462 4443 576 4532 mori,
598 4466 690 4536 quae
710 4443 853 4515 sortitus
872 4467 950 4514 non
969 4445 1117 4538 pertulit
1135 4446 1256 4538 ullos,

341 4550 421 4629 Nec
437 4557 582 4639 victoris
599 4559 674 4633 heri
692 4559 807 4660 tetigit
821 4560 967 4662 captivs
985 4558 1127 4633 cubile!

1229 4674 1264 4748 Y
1296 4700 1318 4754 e
