3750 6217
434 677 883 758 AENEIDOS
941 681 1019 754 tv,
1077 709 1111 759 v.
1159 685 1251 760 688.
1366 705 1444 774 205

239 842 405 919 Ter'sese
422 843 601 917 adtollens
618 845 817 940 cubitoque
835 845 965 916 adnixa
986 846 1138 918 levavit:

237 960 310 1038 Ter
324 962 485 1033 revoluta
503 975 584 1032 toro
605 981 681 1051 est,
703 961 889 1054 oculisque
909 961 1106 1035 errantibus
1128 964 1203 1034 alto

240 1075 427 1186 Quaesivit
445 1078 551 1150 coelo
572 1077 713 1164 lucem,
741 1077 988 1175 ingemuitque
1007 1096 1192 1173 repertam.

271 1189 274 1196 ’
296 1192 395 1264 Tum
409 1191 508 1281 Juno
531 1192 788 1286 omnipotens,
810 1192 962 1290 longum
983 1192 1145 1268 miserata
1163 1192 1352 1286 dolorem,

239 1307 476 1402 Difficilisque
497 1306 642 1395 obitus,
670 1307 758 1377 Irim
778 1305 922 1379 demisit
941 1306 1130 1404 Olympo,

241 1423 347 1532 Quae
366 1424 564 1498 luctantem
582 1423 742 1493 animam
761 1445 949 1516 nexosque
967 1423 1156 1496 resolveret
1175 1443 1279 1498 artus·

239 1539 353 1630 Nam,
377 1539 461 1633 quia
479 1562 547 1618 nec
566 1537 663 1627 fatu,
685 1537 810 1609 merita
829 1561 897 1612 uec
916 1555 1033 1611 morte
1052 1538 1215 1632 peribat,

237 1651 308 1726 Sed
326 1655 453 1727 misera
471 1674 552 1728 ante
572 1653 697 1742 diem,
723 1651 917 1747 subitoque
937 1651 1089 1724 adcensa
1108 1653 1250 1746 furore,

238 1769 418 1842 Nondum
436 1771 489 1842 illi
510 1769 649 1841 flavum
670 1767 881 1864 Proserpina
900 1768 1032 1841 vertice
1052 1769 1187 1840 crinem

239 1884 460 1975 Abstulerat,
483 1884 681 1984 Stygioque
700 1902 811 1978 caput
831 1884 1059 1955 damnaverat
1078 1883 1196 1961 Orco:

238 2000 333 2099 Ergo
357 1997 423 2074 Iris
440 2002 573 2074 croceis
590 2024 654 2093 pet
670 2000 818 2070 coelum
835 1998 974 2072 roscida
993 2001 1149 2094 pennis,

239 2115 343 2188 Mille
362 2117 501 2189 trahens
519 2116 636 2194 varios
653 2113 799 2186 adverso
820 2116 897 2186 sole
916 2118 1081 2205 colores,

239 2227 413 2321 Devolat‚
435 2253 471 2306 et
489 2257 595 2326 supra
614 2247 722 2325 caput
741 2230 878 2303 adstitit
899 2258 908 2299 ι
937 2229 1047 2301 Hunc
1067 2255 1135 2332 ego
1154 2229 1231 2305 Diti

239 2343 385 2420 Sacrum
398 2349 497 2447 jussa
514 2347 613 2433 fero,
637 2363 745 2439 teque
763 2347 832 2418 isto
853 2369 1005 2442 corpore
1026 2346 1139 2420 solvo.

238 2458 297 2533 sic
317 2463 386 2551 ait,
406 2480 441 2534 et
458 2462 581 2535 dextra
600 2460 736 2532 crinem
757 2480 853 2535 secat
875 2489 884 2530 ι
914 2460 1035 2533 omnis
1056 2481 1092 2534 et
1110 2485 1181 2535 una

238 2574 413 2658 Dilabsus
432 2581 550 2673 calor,
572 2599 682 2676 atque
702 2576 740 2660 in
761 2595 890 2650 ventos
910 2575 983 2652 vita
997 2577 1145 2652 recessit
