<?xml version="1.0" encoding="UTF-8"?>
<!DOCTYPE html PUBLIC "-//W3C//DTD XHTML 1.0 Transitional//EN"
    "http://www.w3.org/TR/xhtml1/DTD/xhtml1-transitional.dtd">
<html xmlns="http://www.w3.org/1999/xhtml" xml:lang="en" lang="en">
 <head>
  <title>
</title>
<meta http-equiv="Content-Type" content="text/html;charset=utf-8" />
  <meta name='ocr-system' content='tesseract 3.04.00' />
  <meta name='ocr-capabilities' content='ocr_page ocr_carea ocr_par ocr_line ocrx_word'/>
</head>
<body>
  <div class='ocr_page' id='page_1' title='image "./publiivirgiliim00brungoog_0232.png"; bbox 0 0 3750 6217; ppageno 0'>
   <div class='ocr_carea' id='block_1_1' title="bbox 458 728 1457 831">
    <p class='ocr_par' dir='ltr' id='par_1_1' title="bbox 458 728 1457 831">
     <span class='ocr_line' id='line_1_1' title="bbox 458 728 1457 831; baseline 0.002 -21"><span class='ocrx_word' id='word_1_1' title='bbox 458 728 903 813; x_wconf 70' lang='lat' dir='ltr'>&#39;AENEIDOS</span> <span class='ocrx_word' id='word_1_2' title='bbox 960 738 1007 812; x_wconf 52' lang='lat' dir='ltr'>V,</span> <span class='ocrx_word' id='word_1_3' title='bbox 1065 758 1099 810; x_wconf 78' lang='lat' dir='ltr'>tn</span> <span class='ocrx_word' id='word_1_4' title='bbox 1149 739 1239 831; x_wconf 68' lang='lat'>3582</span> <span class='ocrx_word' id='word_1_5' title='bbox 1378 752 1457 825; x_wconf 68' lang='lat'>217</span> 
     </span>
    </p>
   </div>
   <div class='ocr_carea' id='block_1_2' title="bbox 204 889 1382 4567">
    <p class='ocr_par' dir='ltr' id='par_1_2' title="bbox 204 889 1382 4567">
     <span class='ocr_line' id='line_1_2' title="bbox 255 889 1227 1000; baseline -0.007 -24"><span class='ocrx_word' id='word_1_6' title='bbox 255 903 394 1000; x_wconf 88' lang='lat' dir='ltr'>Turpia</span> <span class='ocrx_word' id='word_1_7' title='bbox 414 889 578 1000; x_wconf 78' lang='lat' dir='ltr'>membra</span> <span class='ocrx_word' id='word_1_8' title='bbox 594 906 695 977; x_wconf 86' lang='lat' dir='ltr'>fimo.</span> <span class='ocrx_word' id='word_1_9' title='bbox 735 904 809 977; x_wconf 83' lang='lat' dir='ltr'>risit</span> <span class='ocrx_word' id='word_1_10' title='bbox 826 921 924 998; x_wconf 87' lang='lat' dir='ltr'>pater</span> <span class='ocrx_word' id='word_1_11' title='bbox 945 921 1119 998; x_wconf 88' lang='lat' dir='ltr'>optumus</span> <span class='ocrx_word' id='word_1_12' title='bbox 1136 902 1227 991; x_wconf 82' lang='lat' dir='ltr'>olli,</span> 
     </span>
     <span class='ocr_line' id='line_1_3' title="bbox 252 1019 1187 1120; baseline -0.004 -27"><span class='ocrx_word' id='word_1_13' title='bbox 252 1019 301 1093; x_wconf 85' lang='lat' dir='ltr'>Et</span> <span class='ocrx_word' id='word_1_14' title='bbox 320 1021 479 1115; x_wconf 89' lang='lat' dir='ltr'>clipeum</span> <span class='ocrx_word' id='word_1_15' title='bbox 499 1019 608 1092; x_wconf 87' lang='lat' dir='ltr'>efferri</span> <span class='ocrx_word' id='word_1_16' title='bbox 621 1020 746 1120; x_wconf 89' lang='lat' dir='ltr'>jussit,</span> <span class='ocrx_word' id='word_1_17' title='bbox 768 1019 1010 1114; x_wconf 79' lang='lat' dir='ltr'><strong>Didymaonis</strong></span> <span class='ocrx_word' id='word_1_18' title='bbox 1029 1036 1137 1106; x_wconf 91' lang='lat' dir='ltr'>artes,</span> <span class='ocrx_word' id='word_1_19' title='bbox 1183 1090 1187 1097; x_wconf 86' lang='grc'>,</span> 
     </span>
     <span class='ocr_line' id='line_1_4' title="bbox 254 1134 1061 1230; baseline -0.002 -24"><span class='ocrx_word' id='word_1_20' title='bbox 254 1134 418 1230; x_wconf 87' lang='lat' dir='ltr'><strong>Neptuni</strong></span> <span class='ocrx_word' id='word_1_21' title='bbox 440 1158 536 1207; x_wconf 90' lang='lat' dir='ltr'>sacro</span> <span class='ocrx_word' id='word_1_22' title='bbox 560 1135 693 1208; x_wconf 84' lang='lat' dir='ltr'>Danais</span> <span class='ocrx_word' id='word_1_23' title='bbox 712 1135 758 1206; x_wconf 89' lang='lat' dir='ltr'>de</span> <span class='ocrx_word' id='word_1_24' title='bbox 776 1153 881 1230; x_wconf 86' lang='lat' dir='ltr'>poste</span> <span class='ocrx_word' id='word_1_25' title='bbox 900 1134 1061 1206; x_wconf 84' lang='lat' dir='ltr'>teli&#39;xum.</span> 
     </span>
     <span class='ocr_line' id='line_1_5' title="bbox 254 1247 1235 1350; baseline -0.004 -29"><span class='ocrx_word' id='word_1_26' title='bbox 254 1249 338 1323; x_wconf 89' lang='lat' dir='ltr'>Hoc</span> <span class='ocrx_word' id='word_1_27' title='bbox 351 1254 524 1349; x_wconf 84' lang='lat' dir='ltr'>juvenem</span> <span class='ocrx_word' id='word_1_28' title='bbox 543 1252 724 1350; x_wconf 82' lang='lat' dir='ltr'>egregium</span> <span class='ocrx_word' id='word_1_29' title='bbox 740 1250 931 1346; x_wconf 78' lang='lat' dir='ltr'>praestanti</span> <span class='ocrx_word' id='word_1_30' title='bbox 949 1272 1096 1320; x_wconf 88' lang='lat' dir='ltr'>munere</span> <span class='ocrx_word' id='word_1_31' title='bbox 1114 1247 1235 1319; x_wconf 57' lang='lat' dir='ltr'>donat,</span> 
     </span>
     <span class='ocr_line' id='line_1_6' title="bbox 310 1363 1204 1471; baseline -0.006 -35"><span class='ocrx_word' id='word_1_32' title='bbox 310 1366 421 1455; x_wconf 89' lang='lat' dir='ltr'>Post,</span> <span class='ocrx_word' id='word_1_33' title='bbox 444 1366 509 1436; x_wconf 91' lang='lat' dir='ltr'>ubi</span> <span class='ocrx_word' id='word_1_34' title='bbox 531 1366 686 1438; x_wconf 88' lang='lat' dir='ltr'>confecti</span> <span class='ocrx_word' id='word_1_35' title='bbox 706 1390 853 1454; x_wconf 89' lang='lat' dir='ltr'>cursus,</span> <span class='ocrx_word' id='word_1_36' title='bbox 876 1383 912 1435; x_wconf 91' lang='lat' dir='ltr'>et</span> <span class='ocrx_word' id='word_1_37' title='bbox 931 1365 1029 1435; x_wconf 90' lang='lat' dir='ltr'>dona</span> <span class='ocrx_word' id='word_1_38' title='bbox 1037 1363 1204 1471; x_wconf 84' lang='lat' dir='ltr'>peregit:</span> 
     </span>
     <span class='ocr_line' id='line_1_7' title="bbox 204 1462 1336 1575; baseline -0.004 -22"><span class='ocrx_word' id='word_1_39' title='bbox 204 1462 208 1471; x_wconf 47' lang='lat'>,</span> <span class='ocrx_word' id='word_1_40' title='bbox 250 1479 380 1570; x_wconf 88' lang='lat' dir='ltr'>Nunc,</span> <span class='ocrx_word' id='word_1_41' title='bbox 401 1481 507 1553; x_wconf 91' lang='lat' dir='ltr'>sicui</span> <span class='ocrx_word' id='word_1_42' title='bbox 522 1482 633 1554; x_wconf 84' lang='lat' dir='ltr'>virtus</span> <span class='ocrx_word' id='word_1_43' title='bbox 652 1484 867 1575; x_wconf 91' lang='lat' dir='ltr'>animusque</span> <span class='ocrx_word' id='word_1_44' title='bbox 887 1480 924 1550; x_wconf 94' lang='lat' dir='ltr'>in</span> <span class='ocrx_word' id='word_1_45' title='bbox 945 1498 1088 1575; x_wconf 84' lang='lat' dir='ltr'>pectore</span> <span class='ocrx_word' id='word_1_46' title='bbox 1107 1492 1291 1572; x_wconf 82' lang='lat' dir='ltr'>praesens,</span> <span class='ocrx_word' id='word_1_47' title='bbox 1334 1490 1336 1495; x_wconf 86' lang='lat'>&#39;</span> 
     </span>
     <span class='ocr_line' id='line_1_8' title="bbox 252 1591 1093 1689; baseline -0.002 -22"><span class='ocrx_word' id='word_1_48' title='bbox 252 1591 380 1684; x_wconf 82' lang='lat' dir='ltr'>Adsit,</span> <span class='ocrx_word' id='word_1_49' title='bbox 403 1613 438 1667; x_wconf 80' lang='lat' dir='ltr'>et</span> <span class='ocrx_word' id='word_1_50' title='bbox 459 1597 607 1669; x_wconf 88' lang='lat' dir='ltr'>evinctis</span> <span class='ocrx_word' id='word_1_51' title='bbox 626 1598 778 1669; x_wconf 82' lang='lat' dir='ltr'>adtollat</span> <span class='ocrx_word' id='word_1_52' title='bbox 794 1596 932 1667; x_wconf 90' lang='lat' dir='ltr'>brachia</span> <span class='ocrx_word' id='word_1_53' title='bbox 953 1593 1093 1689; x_wconf 85' lang='lat' dir='ltr'>palmis.</span> 
     </span>
     <span class='ocr_line' id='line_1_9' title="bbox 250 1710 1231 1810; baseline -0.006 -27"><span class='ocrx_word' id='word_1_54' title='bbox 250 1710 308 1783; x_wconf 87' lang='lat' dir='ltr'>Sic</span> <span class='ocrx_word' id='word_1_55' title='bbox 328 1712 398 1801; x_wconf 88' lang='lat' dir='ltr'>ait,</span> <span class='ocrx_word' id='word_1_56' title='bbox 423 1728 458 1782; x_wconf 92' lang='lat' dir='ltr'>et</span> <span class='ocrx_word' id='word_1_57' title='bbox 475 1714 661 1809; x_wconf 88' lang='lat' dir='ltr'>geminum</span> <span class='ocrx_word' id='word_1_58' title='bbox 679 1736 820 1810; x_wconf 83' lang='lat' dir='ltr'>pugnae</span> <span class='ocrx_word' id='word_1_59' title='bbox 839 1711 1017 1806; x_wconf 86' lang='lat' dir='ltr'>proponit</span> <span class='ocrx_word' id='word_1_60' title='bbox 1034 1711 1231 1780; x_wconf 82' lang='lat' dir='ltr'>honoremt</span> 
     </span>
     <span class='ocr_line' id='line_1_10' title="bbox 252 1825 1094 1924; baseline -0.005 -24"><span class='ocrx_word' id='word_1_61' title='bbox 252 1825 394 1900; x_wconf 88' lang='lat' dir='ltr'>Victori</span> <span class='ocrx_word' id='word_1_62' title='bbox 412 1827 569 1898; x_wconf 87' lang='lat' dir='ltr'>velatum</span> <span class='ocrx_word' id='word_1_63' title='bbox 585 1852 670 1898; x_wconf 88' lang='lat' dir='ltr'>auro</span> <span class='ocrx_word' id='word_1_64' title='bbox 690 1828 860 1921; x_wconf 90' lang='lat' dir='ltr'>vittisque</span> <span class='ocrx_word' id='word_1_65' title='bbox 874 1829 1094 1924; x_wconf 69' lang='lat' dir='ltr'>juvencum</span> 
     </span>
     <span class='ocr_line' id='line_1_11' title="bbox 252 1940 1191 2042; baseline -0.005 -28"><span class='ocrx_word' id='word_1_66' title='bbox 252 1941 412 2031; x_wconf 88' lang='lat' dir='ltr'>Ensem,</span> <span class='ocrx_word' id='word_1_67' title='bbox 433 1959 539 2034; x_wconf 85' lang='lat' dir='ltr'>atque</span> <span class='ocrx_word' id='word_1_68' title='bbox 559 1943 740 2041; x_wconf 79' lang='lat' dir='ltr'>insignem</span> <span class='ocrx_word' id='word_1_69' title='bbox 757 1945 919 2042; x_wconf 88' lang='lat' dir='ltr'>galeam,</span> <span class='ocrx_word' id='word_1_70' title='bbox 942 1940 1067 2015; x_wconf 89' lang='lat' dir='ltr'>solatia</span> <span class='ocrx_word' id='word_1_71' title='bbox 1086 1941 1191 2012; x_wconf 65' lang='lat' dir='ltr'>victo·</span> 
     </span>
     <span class='ocr_line' id='line_1_12' title="bbox 253 2049 1161 2161; baseline -0.001 -35"><span class='ocrx_word' id='word_1_72' title='bbox 253 2049 332 2129; x_wconf 87' lang='lat' dir='ltr'>Nec</span> <span class='ocrx_word' id='word_1_73' title='bbox 347 2081 470 2161; x_wconf 77' lang='lat' dir='ltr'>mora3</span> <span class='ocrx_word' id='word_1_74' title='bbox 490 2056 664 2131; x_wconf 91' lang='lat' dir='ltr'>continuo</span> <span class='ocrx_word' id='word_1_75' title='bbox 683 2059 789 2130; x_wconf 88' lang='lat' dir='ltr'>vastis</span> <span class='ocrx_word' id='word_1_76' title='bbox 807 2082 891 2130; x_wconf 88' lang='lat' dir='ltr'>cum</span> <span class='ocrx_word' id='word_1_77' title='bbox 910 2056 1045 2128; x_wconf 88' lang='lat' dir='ltr'>viribus</span> <span class='ocrx_word' id='word_1_78' title='bbox 1064 2053 1161 2127; x_wconf 89' lang='lat' dir='ltr'>effert</span> 
     </span>
     <span class='ocr_line' id='line_1_13' title="bbox 253 2168 1233 2270; baseline -0.007 -26"><span class='ocrx_word' id='word_1_79' title='bbox 253 2171 328 2244; x_wconf 91' lang='lat' dir='ltr'>Ora</span> <span class='ocrx_word' id='word_1_80' title='bbox 345 2170 476 2261; x_wconf 85' lang='lat' dir='ltr'>Dares,</span> <span class='ocrx_word' id='word_1_81' title='bbox 495 2197 702 2270; x_wconf 82' lang='lat' dir='ltr'>magnoque</span> <span class='ocrx_word' id='word_1_82' title='bbox 720 2173 839 2244; x_wconf 76' lang='lat' dir='ltr'>virum</span> <span class='ocrx_word' id='word_1_83' title='bbox 857 2198 893 2246; x_wconf 86' lang='lat' dir='ltr'>se</span> <span class='ocrx_word' id='word_1_84' title='bbox 912 2195 1097 2243; x_wconf 83' lang='lat' dir='ltr'>murmure</span> <span class='ocrx_word' id='word_1_85' title='bbox 1114 2168 1233 2242; x_wconf 70' lang='lat' dir='ltr'>tollite</span> 
     </span>
     <span class='ocr_line' id='line_1_14' title="bbox 252 2284 1196 2380; baseline -0.005 -22"><span class='ocrx_word' id='word_1_86' title='bbox 252 2284 381 2376; x_wconf 90' lang='lat' dir='ltr'>Solus,</span> <span class='ocrx_word' id='word_1_87' title='bbox 405 2289 468 2380; x_wconf 92' lang='lat' dir='ltr'>qui</span> <span class='ocrx_word' id='word_1_88' title='bbox 487 2287 651 2359; x_wconf 82' lang='lat' dir='ltr'>Paridem</span> <span class='ocrx_word' id='word_1_89' title='bbox 673 2288 798 2360; x_wconf 88' lang='lat' dir='ltr'>solitus</span> <span class='ocrx_word' id='word_1_90' title='bbox 817 2287 1033 2360; x_wconf 85' lang='lat' dir='ltr'>contendere</span> <span class='ocrx_word' id='word_1_91' title='bbox 1050 2299 1196 2358; x_wconf 85' lang='lat' dir='ltr'>contrat</span> 
     </span>
     <span class='ocr_line' id='line_1_15' title="bbox 253 2395 1382 2499; baseline -0.004 -26"><span class='ocrx_word' id='word_1_92' title='bbox 253 2402 434 2497; x_wconf 87' lang='lat' dir='ltr'>idemque</span> <span class='ocrx_word' id='word_1_93' title='bbox 454 2402 499 2473; x_wconf 92' lang='lat' dir='ltr'>ad</span> <span class='ocrx_word' id='word_1_94' title='bbox 515 2405 724 2493; x_wconf 90' lang='lat' dir='ltr'>tumulum,</span> <span class='ocrx_word' id='word_1_95' title='bbox 746 2427 823 2497; x_wconf 90' lang='lat' dir='ltr'>quo</span> <span class='ocrx_word' id='word_1_96' title='bbox 842 2426 1037 2474; x_wconf 87' lang='lat' dir='ltr'>maxumus</span> <span class='ocrx_word' id='word_1_97' title='bbox 1057 2398 1208 2473; x_wconf 73' lang='lat' dir='ltr'>occubat</span> <span class='ocrx_word' id='word_1_98' title='bbox 1228 2395 1382 2499; x_wconf 68' lang='lat' dir='ltr'>Hector,</span> 
     </span>
     <span class='ocr_line' id='line_1_16' title="bbox 252 2515 1065 2612; baseline -0.001 -23"><span class='ocrx_word' id='word_1_99' title='bbox 252 2515 441 2589; x_wconf 86' lang='lat' dir='ltr'>Victorem</span> <span class='ocrx_word' id='word_1_100' title='bbox 460 2517 573 2589; x_wconf 90' lang='lat' dir='ltr'>Buten</span> <span class='ocrx_word' id='word_1_101' title='bbox 592 2518 731 2589; x_wconf 89' lang='lat' dir='ltr'>inmani</span> <span class='ocrx_word' id='word_1_102' title='bbox 751 2542 920 2612; x_wconf 84' lang='lat' dir='ltr'>corpore,</span> <span class='ocrx_word' id='word_1_103' title='bbox 942 2517 1008 2612; x_wconf 92' lang='lat' dir='ltr'>qui</span> <span class='ocrx_word' id='word_1_104' title='bbox 1028 2540 1065 2588; x_wconf 88' lang='lat' dir='ltr'>se</span> 
     </span>
     <span class='ocr_line' id='line_1_17' title="bbox 255 2629 1093 2730; baseline 0.002 -28"><span class='ocrx_word' id='word_1_105' title='bbox 255 2629 422 2726; x_wconf 86' lang='lat' dir='ltr'>Bebrycia</span> <span class='ocrx_word' id='word_1_106' title='bbox 440 2633 587 2705; x_wconf 87' lang='lat' dir='ltr'>veniens</span> <span class='ocrx_word' id='word_1_107' title='bbox 604 2631 734 2727; x_wconf 85' lang='lat' dir='ltr'>Amyci</span> <span class='ocrx_word' id='word_1_108' title='bbox 752 2632 798 2703; x_wconf 89' lang='lat' dir='ltr'>de</span> <span class='ocrx_word' id='word_1_109' title='bbox 817 2651 921 2730; x_wconf 87' lang='lat' dir='ltr'>gente</span> <span class='ocrx_word' id='word_1_110' title='bbox 940 2631 1093 2720; x_wconf 80' lang='lat' dir='ltr'>ferebat,</span> 
     </span>
     <span class='ocr_line' id='line_1_18' title="bbox 254 2734 1195 2835; baseline 0.002 -21"><span class='ocrx_word' id='word_1_111' title='bbox 254 2744 427 2835; x_wconf 87' lang='lat' dir='ltr'>Perculit,</span> <span class='ocrx_word' id='word_1_112' title='bbox 451 2766 485 2818; x_wconf 91' lang='lat' dir='ltr'>et</span> <span class='ocrx_word' id='word_1_113' title='bbox 503 2746 601 2819; x_wconf 81' lang='lat' dir='ltr'>fulva</span> <span class='ocrx_word' id='word_1_114' title='bbox 620 2734 1064 2820; x_wconf 82' lang='lat' dir='ltr'>moribundum·ext·endit</span> <span class='ocrx_word' id='word_1_115' title='bbox 1083 2763 1195 2817; x_wconf 73' lang='lat' dir='ltr'>arena·</span> 
     </span>
     <span class='ocr_line' id='line_1_19' title="bbox 253 2854 1270 2957; baseline 0.001 -27"><span class='ocrx_word' id='word_1_116' title='bbox 253 2859 354 2932; x_wconf 87' lang='lat' dir='ltr'>Talis</span> <span class='ocrx_word' id='word_1_117' title='bbox 371 2861 487 2955; x_wconf 88' lang='lat' dir='ltr'>prima</span> <span class='ocrx_word' id='word_1_118' title='bbox 503 2861 612 2945; x_wconf 84' lang='lat' dir='ltr'>Da‘res</span> <span class='ocrx_word' id='word_1_119' title='bbox 631 2880 740 2957; x_wconf 87' lang='lat' dir='ltr'>caput</span> <span class='ocrx_word' id='word_1_120' title='bbox 756 2864 871 2934; x_wconf 84' lang='lat' dir='ltr'>altum</span> <span class='ocrx_word' id='word_1_121' title='bbox 890 2863 928 2933; x_wconf 94' lang='lat' dir='ltr'>in</span> <span class='ocrx_word' id='word_1_122' title='bbox 946 2863 1081 2956; x_wconf 87' lang='lat' dir='ltr'>proelia</span> <span class='ocrx_word' id='word_1_123' title='bbox 1100 2859 1227 2949; x_wconf 71' lang='lat' dir='ltr'>tollit,</span> <span class='ocrx_word' id='word_1_124' title='bbox 1267 2854 1270 2869; x_wconf 79' lang='lat'>&#39;</span> 
     </span>
     <span class='ocr_line' id='line_1_20' title="bbox 252 2975 1166 3076; baseline -0.001 -29"><span class='ocrx_word' id='word_1_125' title='bbox 252 2975 495 3070; x_wconf 91' lang='lat' dir='ltr'>Ostenditque</span> <span class='ocrx_word' id='word_1_126' title='bbox 512 2977 682 3050; x_wconf 84' lang='lat' dir='ltr'>humeros</span> <span class='ocrx_word' id='word_1_127' title='bbox 700 2980 815 3066; x_wconf 86' lang='lat' dir='ltr'>latos,</span> <span class='ocrx_word' id='word_1_128' title='bbox 839 2980 1045 3069; x_wconf 85' lang='lat' dir='ltr'>alternaque</span> <span class='ocrx_word' id='word_1_129' title='bbox 1058 2983 1166 3076; x_wconf 86' lang='lat' dir='ltr'>jactat</span> 
     </span>
     <span class='ocr_line' id='line_1_21' title="bbox 253 3081 1171 3186; baseline -0.002 -24"><span class='ocrx_word' id='word_1_130' title='bbox 253 3081 396 3162; x_wconf 86' lang='lat' dir='ltr'>Brachia</span> <span class='ocrx_word' id='word_1_131' title='bbox 416 3091 658 3186; x_wconf 87' lang='lat' dir='ltr'>protendens,</span> <span class='ocrx_word' id='word_1_132' title='bbox 686 3110 722 3165; x_wconf 92' lang='lat' dir='ltr'>et</span> <span class='ocrx_word' id='word_1_133' title='bbox 739 3092 897 3164; x_wconf 84' lang='lat' dir='ltr'>verberat</span> <span class='ocrx_word' id='word_1_134' title='bbox 916 3091 1046 3164; x_wconf 90' lang='lat' dir='ltr'>ictibus</span> <span class='ocrx_word' id='word_1_135' title='bbox 1062 3114 1171 3162; x_wconf 79' lang='lat' dir='ltr'>auras.</span> 
     </span>
     <span class='ocr_line' id='line_1_22' title="bbox 253 3192 1340 3310; baseline 0.001 -34"><span class='ocrx_word' id='word_1_136' title='bbox 253 3197 445 3310; x_wconf 80' lang='lat' dir='ltr'>Quaeritur</span> <span class='ocrx_word' id='word_1_137' title='bbox 460 3205 544 3277; x_wconf 90' lang='lat' dir='ltr'>huic</span> <span class='ocrx_word' id='word_1_138' title='bbox 563 3206 654 3279; x_wconf 89' lang='lat' dir='ltr'>alius</span> <span class='ocrx_word' id='word_1_139' title='bbox 675 3234 683 3276; x_wconf 86' lang='grc' dir='ltr'><strong>ι</strong></span> <span class='ocrx_word' id='word_1_140' title='bbox 712 3230 779 3278; x_wconf 90' lang='lat' dir='ltr'>nec</span> <span class='ocrx_word' id='word_1_141' title='bbox 799 3207 993 3301; x_wconf 85' lang='lat' dir='ltr'>quisquam</span> <span class='ocrx_word' id='word_1_142' title='bbox 1013 3224 1057 3277; x_wconf 82' lang='lat' dir='ltr'>ex</span> <span class='ocrx_word' id='word_1_143' title='bbox 1074 3202 1216 3305; x_wconf 84' lang='lat' dir='ltr'>agmine</span> <span class='ocrx_word' id='word_1_144' title='bbox 1234 3192 1340 3277; x_wconf 86' lang='lat' dir='ltr'>tanto</span> 
     </span>
     <span class='ocr_line' id='line_1_23' title="bbox 251 3314 1247 3416; baseline 0.001 -25"><span class='ocrx_word' id='word_1_145' title='bbox 251 3319 373 3392; x_wconf 91' lang='lat' dir='ltr'>Audet</span> <span class='ocrx_word' id='word_1_146' title='bbox 392 3321 490 3392; x_wconf 84' lang='lat' dir='ltr'>adire</span> <span class='ocrx_word' id='word_1_147' title='bbox 509 3318 649 3411; x_wconf 81' lang='lat' dir='ltr'>¹virum,</span> <span class='ocrx_word' id='word_1_148' title='bbox 675 3322 916 3416; x_wconf 88' lang='lat' dir='ltr'>manibusque</span> <span class='ocrx_word' id='word_1_149' title='bbox 937 3314 1102 3393; x_wconf 86' lang='lat' dir='ltr'>inducere</span> <span class='ocrx_word' id='word_1_150' title='bbox 1123 3338 1247 3392; x_wconf 87' lang='lat' dir='ltr'>cestus.</span> 
     </span>
     <span class='ocr_line' id='line_1_24' title="bbox 251 3433 1251 3535; baseline 0.001 -30"><span class='ocrx_word' id='word_1_151' title='bbox 251 3433 344 3535; x_wconf 91' lang='lat' dir='ltr'>Ergo</span> <span class='ocrx_word' id='word_1_152' title='bbox 361 3436 505 3526; x_wconf 89' lang='lat' dir='ltr'>alacris,</span> <span class='ocrx_word' id='word_1_153' title='bbox 528 3456 749 3531; x_wconf 91' lang='lat' dir='ltr'>cunctosque</span> <span class='ocrx_word' id='word_1_154' title='bbox 769 3455 900 3532; x_wconf 85' lang='lat' dir='ltr'>putans</span> <span class='ocrx_word' id='word_1_155' title='bbox 920 3436 1086 3508; x_wconf 85' lang='lat' dir='ltr'>excedere</span> <span class='ocrx_word' id='word_1_156' title='bbox 1105 3436 1251 3531; x_wconf 88' lang='lat' dir='ltr'>palma,</span> 
     </span>
     <span class='ocr_line' id='line_1_25' title="bbox 250 3532 1254 3648; baseline 0.003 -28"><span class='ocrx_word' id='word_1_157' title='bbox 250 3548 391 3623; x_wconf 78' lang='lat' dir='ltr'>Aeneae</span> <span class='ocrx_word' id='word_1_158' title='bbox 410 3551 506 3625; x_wconf 86' lang='lat' dir='ltr'>stetit</span> <span class='ocrx_word' id='word_1_159' title='bbox 524 3570 606 3623; x_wconf 86' lang='lat' dir='ltr'>ante</span> <span class='ocrx_word' id='word_1_160' title='bbox 625 3547 736 3647; x_wconf 88' lang='lat' dir='ltr'>pedes</span> <span class='ocrx_word' id='word_1_161' title='bbox 758 3580 765 3620; x_wconf 92' lang='lat'><strong>:</strong></span> <span class='ocrx_word' id='word_1_162' title='bbox 795 3554 983 3648; x_wconf 86' lang='lat' dir='ltr'>necplura</span> <span class='ocrx_word' id='word_1_163' title='bbox 1002 3564 1182 3639; x_wconf 86' lang='lat' dir='ltr'>moratus,</span> <span class='ocrx_word' id='word_1_164' title='bbox 1247 3532 1254 3546; x_wconf 50' lang='lat'><strong><em>¹</em></strong></span> 
     </span>
     <span class='ocr_line' id='line_1_26' title="bbox 251 3663 1218 3761; baseline 0.003 -27"><span class='ocrx_word' id='word_1_165' title='bbox 251 3663 351 3738; x_wconf 90' lang='lat' dir='ltr'>Tum</span> <span class='ocrx_word' id='word_1_166' title='bbox 370 3670 469 3738; x_wconf 89' lang='lat' dir='ltr'>laeva</span> <span class='ocrx_word' id='word_1_167' title='bbox 487 3677 629 3740; x_wconf 82' lang='lat' dir='ltr'>taurum</span> <span class='ocrx_word' id='word_1_168' title='bbox 648 3683 761 3738; x_wconf 75' lang='lat' dir='ltr'>‘comu</span> <span class='ocrx_word' id='word_1_169' title='bbox 778 3678 894 3757; x_wconf 89' lang='lat' dir='ltr'>tenet,</span> <span class='ocrx_word' id='word_1_170' title='bbox 914 3684 1022 3761; x_wconf 89' lang='lat' dir='ltr'>atque</span> <span class='ocrx_word' id='word_1_171' title='bbox 1039 3667 1088 3740; x_wconf 84' lang='lat' dir='ltr'>ita</span> <span class='ocrx_word' id='word_1_172' title='bbox 1107 3664 1218 3737; x_wconf 71' lang='lat' dir='ltr'>laturi</span> 
     </span>
     <span class='ocr_line' id='line_1_27' title="bbox 252 3765 1149 3880; baseline 0.003 -30"><span class='ocrx_word' id='word_1_173' title='bbox 252 3778 343 3853; x_wconf 91' lang='lat' dir='ltr'>Nate</span> <span class='ocrx_word' id='word_1_174' title='bbox 363 3783 450 3871; x_wconf 91' lang='lat' dir='ltr'>dea,</span> <span class='ocrx_word' id='word_1_175' title='bbox 474 3785 502 3853; x_wconf 91' lang='lat' dir='ltr'>si</span> <span class='ocrx_word' id='word_1_176' title='bbox 520 3807 631 3853; x_wconf 90' lang='lat' dir='ltr'>nemo</span> <span class='ocrx_word' id='word_1_177' title='bbox 652 3783 760 3854; x_wconf 87' lang='lat' dir='ltr'>audet</span> <span class='ocrx_word' id='word_1_178' title='bbox 780 3807 817 3854; x_wconf 89' lang='lat' dir='ltr'>se</span> <span class='ocrx_word' id='word_1_179' title='bbox 837 3783 975 3854; x_wconf 88' lang='lat' dir='ltr'>credere</span> <span class='ocrx_word' id='word_1_180' title='bbox 989 3765 1149 3880; x_wconf 78' lang='lat' dir='ltr'>pugnae,</span> 
     </span>
     <span class='ocr_line' id='line_1_28' title="bbox 251 3892 1236 3999; baseline 0 -33"><span class='ocrx_word' id='word_1_181' title='bbox 251 3892 357 3999; x_wconf 81' lang='lat' dir='ltr'>Quae</span> <span class='ocrx_word' id='word_1_182' title='bbox 377 3897 459 3968; x_wconf 88' lang='lat' dir='ltr'>finis</span> <span class='ocrx_word' id='word_1_183' title='bbox 479 3896 594 3967; x_wconf 89' lang='lat' dir='ltr'>standi</span> <span class='ocrx_word' id='word_1_184' title='bbox 618 3898 634 3965; x_wconf 72' lang='lat' dir='ltr'>i</span> <span class='ocrx_word' id='word_1_185' title='bbox 665 3921 741 3991; x_wconf 88' lang='lat' dir='ltr'>quo</span> <span class='ocrx_word' id='word_1_186' title='bbox 761 3921 822 3968; x_wconf 89' lang='lat' dir='ltr'>me</span> <span class='ocrx_word' id='word_1_187' title='bbox 842 3897 944 3969; x_wconf 89' lang='lat' dir='ltr'>decet</span> <span class='ocrx_word' id='word_1_188' title='bbox 963 3914 1078 3990; x_wconf 88' lang='lat' dir='ltr'>usque</span> <span class='ocrx_word' id='word_1_189' title='bbox 1096 3894 1236 3968; x_wconf 82' lang='lat' dir='ltr'>teneri?</span> 
     </span>
     <span class='ocr_line' id='line_1_29' title="bbox 252 4008 1199 4108; baseline 0.002 -30"><span class='ocrx_word' id='word_1_190' title='bbox 252 4009 393 4082; x_wconf 90' lang='lat' dir='ltr'>Ducere</span> <span class='ocrx_word' id='word_1_191' title='bbox 411 4010 508 4080; x_wconf 87' lang='lat' dir='ltr'>dona</span> <span class='ocrx_word' id='word_1_192' title='bbox 522 4008 621 4108; x_wconf 77' lang='lat' dir='ltr'>jube.</span> <span class='ocrx_word' id='word_1_193' title='bbox 657 4013 776 4084; x_wconf 91' lang='lat' dir='ltr'>cuncti</span> <span class='ocrx_word' id='word_1_194' title='bbox 795 4014 905 4084; x_wconf 89' lang='lat' dir='ltr'>simul</span> <span class='ocrx_word' id='word_1_195' title='bbox 923 4038 984 4085; x_wconf 88' lang='lat' dir='ltr'>ore</span> <span class='ocrx_word' id='word_1_196' title='bbox 1002 4010 1199 4082; x_wconf 83' lang='lat' dir='ltr'>fremebant</span> 
     </span>
     <span class='ocr_line' id='line_1_30' title="bbox 252 4121 1187 4225; baseline 0.004 -32"><span class='ocrx_word' id='word_1_197' title='bbox 252 4122 498 4213; x_wconf 85' lang='lat' dir='ltr'>Dardanidae,</span> <span class='ocrx_word' id='word_1_198' title='bbox 523 4121 696 4219; x_wconf 89' lang='lat' dir='ltr'>reddique</span> <span class='ocrx_word' id='word_1_199' title='bbox 713 4128 789 4197; x_wconf 91' lang='lat' dir='ltr'>viro</span> <span class='ocrx_word' id='word_1_200' title='bbox 810 4128 987 4222; x_wconf 88' lang='lat' dir='ltr'>promissa</span> <span class='ocrx_word' id='word_1_201' title='bbox 1001 4126 1187 4225; x_wconf 71' lang='lat' dir='ltr'>jubebant.</span> 
     </span>
     <span class='ocr_line' id='line_1_31' title="bbox 251 4234 1123 4341; baseline 0.008 -33"><span class='ocrx_word' id='word_1_202' title='bbox 251 4234 320 4309; x_wconf 92' lang='lat' dir='ltr'>Hic</span> <span class='ocrx_word' id='word_1_203' title='bbox 340 4239 451 4338; x_wconf 89' lang='lat' dir='ltr'>gravis</span> <span class='ocrx_word' id='word_1_204' title='bbox 470 4239 655 4315; x_wconf 89' lang='lat' dir='ltr'>Entellum</span> <span class='ocrx_word' id='word_1_205' title='bbox 675 4241 778 4313; x_wconf 91' lang='lat' dir='ltr'>dictis</span> <span class='ocrx_word' id='word_1_206' title='bbox 797 4243 941 4341; x_wconf 85' lang='lat' dir='ltr'>castigat</span> <span class='ocrx_word' id='word_1_207' title='bbox 957 4242 1123 4331; x_wconf 87' lang='lat' dir='ltr'>Acestes,</span> 
     </span>
     <span class='ocr_line' id='line_1_32' title="bbox 249 4349 1204 4430; baseline 0.004 -6"><span class='ocrx_word' id='word_1_208' title='bbox 249 4349 455 4429; x_wconf 89' lang='lat' dir='ltr'>Proxumus</span> <span class='ocrx_word' id='word_1_209' title='bbox 474 4373 515 4426; x_wconf 91' lang='lat' dir='ltr'>ut</span> <span class='ocrx_word' id='word_1_210' title='bbox 532 4354 705 4427; x_wconf 86' lang='lat' dir='ltr'>viridante</span> <span class='ocrx_word' id='word_1_211' title='bbox 723 4374 803 4428; x_wconf 90' lang='lat' dir='ltr'>toro</span> <span class='ocrx_word' id='word_1_212' title='bbox 823 4357 1030 4430; x_wconf 84' lang='lat' dir='ltr'>consederat</span> <span class='ocrx_word' id='word_1_213' title='bbox 1047 4350 1204 4429; x_wconf 77' lang='lat' dir='ltr'>herbae:</span> 
     </span>
     <span class='ocr_line' id='line_1_33' title="bbox 249 4466 1259 4567; baseline 0.009 -29"><span class='ocrx_word' id='word_1_214' title='bbox 249 4469 414 4562; x_wconf 84' lang='lat' dir='ltr'>Entella,</span> <span class='ocrx_word' id='word_1_215' title='bbox 433 4472 586 4543; x_wconf 81' lang='lat' dir='ltr'>heroum</span> <span class='ocrx_word' id='word_1_216' title='bbox 607 4471 798 4565; x_wconf 82' lang='lat' dir='ltr'>quendam</span> <span class='ocrx_word' id='word_1_217' title='bbox 817 4472 1012 4567; x_wconf 77' lang='lat' dir='ltr'>fortissime</span> <span class='ocrx_word' id='word_1_218' title='bbox 1030 4466 1151 4544; x_wconf 77' lang='lat' dir='ltr'>frustra</span> <span class='ocrx_word' id='word_1_219' title='bbox 1162 4525 1175 4565; x_wconf 89' lang='lat'>,</span> <span class='ocrx_word' id='word_1_220' title='bbox 1255 4536 1259 4547; x_wconf 87' lang='lat'>.</span> 
     </span>
    </p>
   </div>
   <div class='ocr_carea' id='block_1_3' title="bbox 246 4579 1221 4775">
    <p class='ocr_par' dir='ltr' id='par_1_3' title="bbox 246 4579 1221 4775">
     <span class='ocr_line' id='line_1_34' title="bbox 246 4579 1094 4682; baseline 0.002 -27"><span class='ocrx_word' id='word_1_221' title='bbox 246 4579 413 4669; x_wconf 80' lang='lat' dir='ltr'>&#39;Tantane</span> <span class='ocrx_word' id='word_1_222' title='bbox 430 4604 505 4659; x_wconf 82' lang='lat' dir='ltr'>tarn</span> <span class='ocrx_word' id='word_1_223' title='bbox 524 4587 663 4682; x_wconf 83' lang='lat' dir='ltr'>patiens</span> <span class='ocrx_word' id='word_1_224' title='bbox 680 4589 784 4661; x_wconf 90' lang='lat' dir='ltr'>nullo</span> <span class='ocrx_word' id='word_1_225' title='bbox 805 4589 995 4663; x_wconf 84' lang='lat' dir='ltr'>certamine</span> <span class='ocrx_word' id='word_1_226' title='bbox 1011 4586 1094 4659; x_wconf 88' lang='lat' dir='ltr'>tolli</span> 
     </span>
     <span class='ocr_line' id='line_1_35' title="bbox 1152 4694 1221 4775; baseline 0.014 -1"><span class='ocrx_word' id='word_1_227' title='bbox 1152 4694 1184 4774; x_wconf 81' lang='lat' dir='ltr'>E</span> <span class='ocrx_word' id='word_1_228' title='bbox 1200 4727 1221 4775; x_wconf 85' lang='lat' dir='ltr'>e</span> 
     </span>
    </p>
   </div>
   <div class='ocr_carea' id='block_1_4' title="bbox 0 0 1880 6215">
    <p class='ocr_par' dir='ltr' id='par_1_4' title="bbox 0 0 1880 6215">
     <span class='ocr_line' id='line_1_36' title="bbox 0 0 1880 6215; baseline 0 0"><span class='ocrx_word' id='word_1_229' title='bbox 0 0 1880 6215; x_wconf 95' lang='lat' dir='ltr'> </span> 
     </span>
    </p>
   </div>
  </div>
 </body>
</html>
