3750 6217
555 718 1007 818 AENEIDOS
1065 721 1131 790 X.¹
1172 747 1206 794 r.
1257 724 1347 810 556.
1487 747 1560 814 35¹

344 887 428 958 Istic
452 910 574 976 nnnc,
600 888 817 977 metuende,
839 889 928 985 jace.
964 911 1041 958 non
1061 905 1096 958 te
1119 909 1273 984 optuma
1296 906 1411 957 mater

343 1001 489 1073 Condet
509 1003 648 1091 humo,
674 1005 866 1097 patrioque
888 1003 1051 1074 onerabit
1071 1004 1235 1074 membra
1263 1005 1453 1097 sepulcro:

339 1116 499 1190 Alitibus
521 1121 683 1210 linquere
706 1117 815 1191 feris:
847 1138 910 1190 aut
929 1120 1066 1217 gurgite
1086 1143 1246 1196 mersum

341 1233 447 1305 Unda
465 1232 574 1323 feret,
598 1235 788 1328 piscesque
810 1235 944 1328 inpasti
965 1236 1111 1306 volnera
1132 1233 1302 1304 lambent.

344 1349 519 1421 Protenus
540 1335 722 1420 Antaeum
744 1369 778 1422 et
798 1351 944 1438 Lucan,
967 1351 1083 1443 prima
1102 1350 1246 1451 agmina
1265 1347 1404 1440 Turni,

340 1464 590 1558 Persequitur,
612 1464 815 1559 fortemque
836 1465 1020 1553 Numam,
1044 1465 1261 1557 l'ulvomque
1282 1463 1510 1560 Camertem,

337 1579 578 1678 Magnanimo
600 1580 798 1653 Volscente
817 1599 934 1657 satum
959 1608 967 1649 :
998 1581 1197 1653 ditissimus
1219 1580 1291 1677 agri

339 1694 416 1801 Qui
438 1695 506 1768 fuit
524 1696 779 1786 Ausonidum,
805 1716 839 1767 et
859 1697 974 1768 tacitis
994 1698 1153 1795 regnavit
1170 1696 1344 1789 Amyclis.

338 1811 509 1909 Aegaeon
528 1813 665 1905 qualis,
687 1833 836 1898 centurn
857 1813 914 1882 cui
934 1811 1076 1896 brachia
1096 1813 1243 1900 dicunt,

340 1925 594 2020 Centenasque
614 1953 766 2017 manus,
795 1928 1058 2025 quinquaginta
1079 1928 1202 1999 oribus
1224 1927 1347 2025 ignem

340 2041 627 2137 Pectoribusque
644 2044 786 2132 arsisse,
807 2043 909 2131 Jovis
929 2066 1046 2136 quom
1067 2043 1220 2113 fulmina
1242 2061 1366 2114 contra

343 2156 418 2226 Tot
436 2157 581 2251 paribus
602 2175 768 2251 streperet
785 2159 932 2254 clipeis,
950 2163 1010 2230 'tot
1031 2159 1210 2257 stringeret
1228 2182 1347 2231 enses:

340 2271 396 2344 Sic
418 2288 497 2343 toto
519 2271 657 2345 Aeneas
677 2275 835 2348 desaevit
853 2276 891 2344 in
909 2300 1065 2367 aequore
1082 2274 1218 2362 victor,

340 2389 388 2459 Ut
408 2390 519 2461 semel
541 2389 696 2484 intepuit
714 2415 853 2461 mucro.
897 2391 986 2481 quin
1008 2413 1088 2459 ecce
1106 2389 1261 2481 Niphaei

338 2504 578 2609 Quadrijnges
598 2506 636 2574 in
658 2531 773 2599 equos
796 2504 1013 2596 adversaque
1033 2522 1178 2596 pectora
1197 2505 1332 2576 tendit:

335 2621 455 2712 Atque
480 2621 554 2708 illi,
581 2623 690 2720 longe
711 2622 930 2722 gradientem
951 2638 986 2690 et
1010 2619 1086 2690 (lira
1106 2617 1319 2690 frementem

246 2826 249 2830 Ι
334 2735 384 2806 Ut
400 2734 542 2822 videre,
563 2756 663 2807 metu
682 2740 772 2809 versi
794 2755 961 2828 retroque
982 2751 1123 2806 ruentes

334 2849 610 2941 Elhrnduntque
628 2851 779 2941 ducem,
804 2852 1021 2944 rapiuntque
1040 2850 1086 2919 ad
1107 2850 1210 2919 litora
1229 2874 1356 2921 curnis.

335 2966 473 3035 Interea
491 2965 624 3062 bijugis
643 2967 748 3036 infert
768 2992 804 3037 se
826 2965 989 3063 Lucagus
1008 2965 1098 3036 albis

334 3078 379 3150 ln
401 3078 566 3168 medios,
587 3079 762 3176 lraterque
782 3082 912 3179 Liger:
944 3080 1005 3152 sed
1026 3079 1126 3150 frater
1145 3077 1295 3150 habenis

333 3195 463 3267 Flectit
487 3219 628 3287 equos:
661 3199 821 3269 strictum
842 3214 933 3269 rotat
952 3219 1029 3267 acer
1050 3195 1213 3292 Lucagus
1234 3218 1369 3266 ensem.

336 3311 446 3382 Haud
466 3313 549 3381 tulit
566 3312 703 3386 Aeneas
720 3326 820 3382 tanto
839 3311 975 3382 fervore
995 3311 1142 3383 furentis
1155 3307 1171 3406 :j

335 3427 467 3504 Innrit;
488 3428 705 3524 adversaque
726 3428 852 3528 ingens
872 3427 1037 3523 adparuit
1054 3427 1161 3498 hasta.

334 3543 406 3613 Cui
425 3542 549 3641 Liger:

334 3658 422 3728 Non
442 3658 635 3730 Diomedis
656 3683 795 3751 equos,
814 3682 882 3729 nec
899 3683 1019 3730 curms
1038 3657 1151 3728 cernis
1170 3655 1323 3745 Achilli,

335 3772 408 3842 Aut
428 3773 598 3870 Phrygiae
619 3799 770 3868 campos
793 3803 801 3846 z
830 3798 930 3845 nunc
948 3774 1036 3844 belli
1057 3771 1139 3843 finis
1157 3789 1192 3842 et
1211 3771 1296 3875 aevi·

335 3887 403 3957 His
423 3887 566 3956 dabitur
585 3889 692 3960 terris.
733 3914 867 3962 vesano
887 3891 971 3960 talia
992 3890 1062 3958 late

334 4001 439 4074 Dicta
457 3999 583 4071 volant
601 4002 717 4099 Ligeri
741 4031 748 4073 :
779 4004 842 4078 sed
862 4029 940 4076 non
961 4019 996 4075 et
1014 4002 1146 4073 Troius
1161 4001 1266 4074 heros

333 4117 438 4189 Dicta
457 4131 557 4210 parat
577 4133 699 4187 contra
721 4145 729 4186 ι
755 4120 919 4216 jaculum
938 4144 1024 4189 nam
1043 4134 1187 4210 torquet
1208 4118 1245 4186 in
1265 4117 1421 4189 hostem.

331 4231 513 4332 Lucagus,
537 4251 577 4302 ut
598 4256 736 4324 pronus
757 4234 921 4327 pendens
939 4235 977 4303 in
997 4233 1139 4304 verbera
1157 4234 1232 4304 telo

331 4347 538 4420 Admonuit
553 4347 698 4445 bijugos
722 4375 729 4416 :
761 4349 922 4446 projecto
944 4349 1036 4419 dum
1055 4348 1148 4443 pede
1168 4349 1271 4419 laevo

330 4463 443 4556 Aptat
464 4488 499 4535 se
518 4488 679 4561 pugnae,
701 4462 797 4535 subit
818 4488 895 4535 oras
914 4464 1010 4536 hasta
1031 4489 1095 4558 per
1116 4465 1206 4534 imas

331 4577 516 4674 Fulgentis
535 4579 666 4673 clipei,
689 4598 772 4651 tum
793 4581 936 4649 laevom
956 4578 1114 4674 perforat
1132 4579 1265 4676 inguen
1281 4606 1290 4657 ς
