3750 6217
721 750 872 819 1¹4
1156 721 2626 799 A.ENE1D051.v.21.

708 865 903 967 Hinc
936 889 1346 985 populum,
1386 893 1525 962 late
1562 916 1840 989 regem,
1887 889 2230 983 belloque
2265 888 2657 985 superbum
2680 936 2705 976 ‚

707 1006 1116 1079 Venturum
1159 1006 1439 1076 excidio
1485 1005 1754 1100 Libyae
1796 1033 1810 1073 :
1872 1005 1970 1077 sic
2004 1006 2285 1077 volvere
2328 1006 2593 1079 Parcas·

707 1124 799 1193 Id
839 1140 1165 1192 metuens
1190 1177 1209 1210 ‚
1251 1122 1645 1215 veterisque
1683 1145 1967 1191 memor
2004 1120 2325 1193 Saturnia
2362 1120 2579 1209 belli,

706 1240 947 1310 Prima
988 1237 1196 1329 quod
1232 1238 1321 1315 ad
1360 1238 1658 1307 Troiam
1693 1261 1827 1332 pro
1871 1237 2041 1307 caris
2082 1256 2380 1335 gesserat
2412 1236 2659 1333 Argis:

705 1354 860 1426 Nec
900 1354 1082 1422 dum
1124 1355 1341 1423 etiam
1377 1378 1656 1424 caussae
1689 1354 1951 1422 irarum
1993 1353 2323 1445 saevique
2363 1352 2657 1424 dolores

703 1470 1128 1545 Exciderant
1163 1470 1407 1538 animo
1456 1497 1469 1535 :
1528 1486 1774 1537 manet
1812 1470 1951 1537 alta
1986 1487 2225 1537 mente
2266 1486 2638 1562 repostum

695 1585 1068 1675 Judicium
1111 1584 1376 1659 Paridis
1403 1639 1424 1671 ,
1471 1603 1887 1677 spretaeque
1924 1582 2176 1679 injuria
2194 1583 2483 1666 ‘formae
2513 1637 2535 1671 ,

704 1702 800 1773 Et
839 1724 1063 1798 genus
1102 1700 1461 1788 invisum,
1501 1716 1572 1769 et
1608 1699 1789 1792 rapti
1831 1696 2274 1792 Ganymedis
2312 1699 2661 1785 honores:

707 1816 843 1895 His
877 1814 1177 1886 adcensa
1218 1841 1467 1908 super,
1505 1817 1801 1913 jactatos
1836 1839 2143 1907 aequore
2183 1832 2341 1885 toto

705 1933 936 2003 Troas
960 1987 980 2020 ,
1018 1931 1352 2033 reliquias
1391 1929 1732 2015 Danaum
1774 1948 1990 2022 atque
2024 1930 2305 2017 ,inmitis
2341 1928 2600 2000 Achilli
2625 1980 2649 2029 2

705 2047 1009 2123 Arcebat
1042 2048 1257 2143 longe
1299 2046 1501 2116 Latio
1540 2073 1555 2113 ε
1615 2048 2036 2138 multosque
2070 2072 2197 2139 per
2236 2069 2467 2117 annos

706 2162 1048 2233 Errabant
1081 2161 1213 2232 acti
1254 2161 1413 2234 fatis
1452 2160 1672 2231 marla
1709 2160 1957 2230 omnia
1994 2161 2279 2230 circum.

707 2278 987 2349 Tantae
1026 2276 1248 2349 molis
1287 2295 1431 2347 erat
1467 2272 1879 2345 Rohanam
1922 2276 2226 2347 condere
2266 2294 2574 2373 gentem.

821 2391 974 2464 Vix
1015 2418 1053 2463 e
1094 2410 1486 2487 conspectu
1521 2388 1797 2479 Siculae
1840 2390 2110 2491 telluris
2149 2392 2224 2462 in
2257 2393 2484 2474 altum

706 2508 895 2580 Vela
936 2507 1205 2578 dabant
1239 2508 1451 2597 laeti,
1498 2524 1567 2578 et
1604 2530 1898 2599 spumas
1940 2508 2100 2578 salis
2139 2532 2293 2580 aere
2331 2506 2669 2584 ruebant;

704 2620 965 2728 Quom
992 2622 1192 2711 Juno
1215 2676 1235 2713 ,
1281 2640 1644 2697 aeternum
1681 2646 1957 2693 servans
1998 2624 2133 2695 sub
2173 2641 2459 2717 pectore
2495 2623 2760 2692 volnus
2782 2671 2805 2709 ‚

705 2738 904 2810 Haec
941 2763 1186 2823 secum
1222 2765 1235 2813 z
1295 2738 1511 2811 Mene
1552 2738 1842 2833 incepto
1886 2737 2213 2811 desistere
2248 2739 2556 2826 victam,

704 2853 858 2925 Nec
896 2878 1113 2948 posse
1149 2852 1355 2925 Italia
1393 2853 1842 2941 Teucrorum
1880 2872 2181 2925 avertere
2220 2876 2456 2953 regem
2479 2854 2513 2923 ?

705 2966 1009 3074 Quippe
1052 2987 1253 3041 vetor
1291 2968 1471 3042 fatis.
1554 2970 1877 3047 Pallasne
1914 2993 2196 3041 exurere
2232 2971 2528 3041 classem

701 3081 1044 3182 Argivom
1072 3139 1092 3176 ‚
1136 3103 1352 3180 atque
1392 3088 1594 3183 ipsos
1633 3086 1879 3191 potuit
1918 3083 2364 3184 submergere
2399 3101 2635 3193 ponto
2660 3135 2683 3177 ²

700 3198 935 3273 Unius
976 3196 1074 3269 ob
1115 3225 1387 3271 noxam
1427 3220 1497 3272 et
1529 3199 1743 3272 furias
1781 3199 2017 3271 Aiacis
2051 3200 2244 3271 Oi'lei
2276 3201 2309 3270 ?
2437 3262 2463 3303 ,ὦ
2606 3230 2712 3311 ³2·-

703 3313 869 3408 Ipsa
894 3367 914 3402 ‚
953 3312 1156 3401 Jovis
1195 3316 1532 3408 rapidum
1560 3316 1868 3414 jaculata
1909 3339 1948 3385 e
1988 3315 2307 3388 nubibus
2344 3302 2625 3414 ignem,
2708 3312 2719 3323 “

701 3427 1146 3526 Disjecitque
1185 3449 1360 3517 rates
1384 3484 1404 3519 ,
1452 3430 1839 3525 evertitque
1879 3455 2189 3524 aequora
2217 3431 2484 3503 ventis:
2542 3428 2551 3437 ’

703 3545 932 3614 Illum
972 3544 1452 3637 exspirantem
1494 3542 1828 3615 transfixo
1872 3565 2161 3639 pectore
2196 3544 2529 3619 flammas

703 3657 1027 3730 Turbine
1067 3661 1429 3754 conripuit
1454 3714 1475 3749 ‚
1523 3662 1977 3754 scopuloque
2014 3661 2245 3733 infixit
2285 3681 2517 3734 acuto,

701 3774 834 3847 Ast
868 3799 999 3873 ego
1027 3829 1047 3862 ,
1095 3799 1278 3869 quae
1319 3773 1567 3855 divom
1608 3775 1865 3848 incedo
1908 3776 2143 3876 regina
2166 3832 2187 3866 ,
2220 3776 2573 3871 Jovisque
