3750 6217
527 735 1297 832 ¹AENEIDOSI.v.54.
1459 753 1533 821 n5

330 901 489 997 Imperio
510 903 664 995 premit,
685 929 725 975 ac
743 905 871 976 vinclis
891 923 926 976 et
946 928 1076 978 carcere
1095 901 1217 974 frenat.

329 1019 389 1088 Illi
410 1017 636 1115 indignantes
656 1042 789 1117 magno
810 1044 895 1117 cum
911 1044 1096 1090 murmure
1117 1017 1255 1090 montis

330 1132 477 1203 Circum
497 1134 646 1204 claustra
663 1132 830 1206 fremunt.
872 1136 962 1206 celsa
983 1134 1082 1206 sedet
1098 1132 1234 1204 Aeolus
1252 1155 1327 1201 arce

330 1247 471 1343 Sceptra
491 1266 638 1337 tenens,
660 1251 856 1344 mollitque
873 1250 1040 1337 animos,
1062 1266 1099 1320 et
1115 1265 1289 1340 temperat
1307 1247 1382 1317 iras.

331 1361 379 1434 Ni
397 1362 522 1451 faciat,
546 1364 656 1434 maria
674 1389 714 1436 ac
733 1384 837 1436 terras
855 1367 1075 1458 coelumque
1095 1358 1323 1459 profundum

330 1478 483 1584 Quippe
501 1475 613 1549 ferant
630 1481 746 1574 rapidi
766 1503 913 1569 secum,
933 1497 1144 1573 verrantque
1164 1501 1227 1572 per
1246 1500 1355 1548 auras.

330 1591 400 1664 Sed
420 1612 520 1688 pater
541 1595 776 1688 omnipotens
794 1596 975 1690 speluncis
992 1593 1134 1678 abdidit
1150 1593 1250 1680 atris,

330 1709 413 1780 Hoc
432 1728 597 1780 metuens
617 1737 624 1777 :
654 1712 869 1804 molemque
889 1730 925 1783 et
944 1711 1082 1781 montis
1098 1709 1246 1802 insup'er
1265 1706 1357 1777 altos
1470 1744 1473 1748 ⁴

332 1822 523 1919 inposuit,
545 1849 738 1923 regemque
757 1825 883 1917 dedit,
906 1826 971 1920 qui
988 1816 1133 1897 foedere
1149 1842 1243 1894 certo

331 1939 376 2012 Et
396 1964 577 2034 premere,
602 1959 638 2012 et
657 1943 753 2014 laxas
773 1942 874 2014 sciret
894 1941 976 2013 dare
992 1943 1111 2040 jussus
1128 1936 1294 2010 habenas.

331 2055 389 2126 Ad
407 2080 518 2149 quem
537 2073 617 2126 tum
632 2055 730 2144 Juno
750 2057 907 2150 supplex
924 2057 981 2129 his
997 2055 1150 2127 vocibus
1166 2079 1229 2126 usa
1250 2071 1324 2125 est:

387 2170 523 2259 Aeole,
546 2172 725 2264 (namque
743 2172 810 2244 tibi
831 2169 955 2243 divbm
975 2191 1076 2267 pater
1090 2191 1199 2265 atque
1218 2169 1415 2241 hominum
1435 2192 1494 2272 ren

331 2287 376 2359 Et
393 2287 550 2358 mulcere
567 2285 667 2359 dedit
684 2285 813 2360 fluctus
833 2304 868 2359 et
886 2289 1012 2360 tollere
1030 2288 1162 2380 vento)

333 2403 431 2474 Gens
451 2402 598 2472 inimica
620 2402 712 2472 mihi
730 2403 955 2498 Tyrrhenum
977 2403 1117 2500 navigat
1134 2424 1306 2494 aequor‚.
1504 2448 1535 2483 .ae

333 2519 444 2587 Ilium
466 2517 503 2586 in
523 2516 664 2588 Italiam
684 2536 855 2612 portans,
879 2520 1065 2612 victosque
1085 2516 1249 2588 Penatis:

334 2633 460 2704 Incute
478 2632 553 2702 vim
571 2633 709 2722 ventis,
733 2633 1003 2727 submersasque
1024 2633 1136 2705 obrue
1156 2632 1316 2726 puppis:

334 2745 406 2816 Aut
424 2772 486 2844 age
503 2746 660 2821 diversos
678 2776 687 2817 t
717 2766 752 2819 et
769 2746 892 2847 disjice
911 2773 1060 2842 corpora
1079 2766 1209 2843 ponto.

334 2859 426 2931 Sunt
444 2861 534 2931 mihi
554 2861 611 2935 bis
631 2882 769 2957 septem
788 2864 977 2958 praestanti
998 2885 1147 2955 corpore
1164 2857 1381 2953 Nymphae,

334 2973 524 3079 Quarum,
545 3001 636 3071 quae
654 2976 770 3048 forma
790 2978 1048 3071 pulcherrima,
1071 2975 1274 3067 Deiopeam

334 3090 533 3161 Connnbio
547 3090 860 3190 jungam-stabili,
880 3092 1138 3187 propriamque
1158 3086 1305 3166 dicabo:

334 3207 469 3277 Omnis
489 3225 529 3277 ut
547 3224 667 3278 tecum
686 3208 821 3278 meritis
841 3233 908 3301 pro
928 3206 1060 3278 talibus
1080 3228 1195 3277 annos

333 3319 480 3419 Fatigat,
502 3339 537 3391 et
556 3322 704 3414 pulchra
723 3320 827 3418 faciat
845 3340 881 3393 te
900 3324 1003 3416 prole
1021 3339 1215 3417 parentem.
1234 3409 1238 3420 Ι

390 3434 526 3506 Aeolus
542 3437 629 3507 haec
649 3456 796 3509 contla:
827 3436 953 3527 Tuus,
978 3462 1001 3507 o
1018 3438 1156 3536 regina,
1180 3429 1270 3528 quid
1289 3450 1395 3530 optes

332 3552 526 3646 Explorate¹
546 3546 649 3634 labor
668 3581 677 3638 ς
706 3553 797 3637 mihi
812 3555 912 3651 jussa
928 3576 1110 3647 capessere
1127 3549 1179 3622 fas
1197 3570 1258 3622 est.
1527 3640 1529 3645 .

332 3666 392 3739 Tu
409 3667 526 3756 mihi,
552 3667 816 3762 quodcumque
835 3669 905 3740 hoc
920 3668 1041 3767 regni,
1064 3683 1106 3740 tu
1127 3683 1261 3760 sceptra
1275 3661 1480 3762 jovemque

334 3781 515 3854 Concilias
540 3811 547 3850 :
577 3803 619 3854 tu
637 3783 699 3854 das
719 3785 837 3877 epulis
856 3781 1072 3856 adcumbere
1092 3779 1236 3870 diutim,

335 3897 628 3991 Nimborumque
647 3896 731 3970 facis
750 3917 1079 3993 tempestatumque
1098 3916 1298 3993 potentem.

391 4011 489 4084 Haec
506 4012 570 4083 ubi
590 4013 703 4102 dicta,
723 4038 853 4086 cavom
872 4038 1040 4087 conversa
1060 4013 1207 4107 cuspide
1228 4016 1407 4085 montcm'

335 4119 476 4223 Inpulit
492 4129 531 4198 in
548 4128 641 4199 latus
665 4156 674 4196 ι
703 4151 743 4202 ac
762 4131 886 4221 venti,
910 4133 1008 4202 velut
1027 4131 1168 4228 agmine
1186 4126 1301 4218 facto,

335 4230 419 4350 Qua
439 4244 519 4316 data
538 4261 662 4340 porta,
684 4265 816 4336 ruunt,
839 4265 875 4318 et
891 4264 995 4318 terras
1014 4242 1155 4317 turbine
1172 4241 1334 4340 perflant.

336 4358 533 4435 Incubuere
550 4361 663 4450 mari,
686 4379 880 4456 totumque
899 4386 919 4432 a
940 4361 1084 4433 sedibus
1104 4361 1187 4433 imis
1237 4394 1247 4407 ·

335 4474 415 4548 Una
435 4476 620 4569 Eurusque
638 4475 832 4573 Notusque
846 4494 981 4567 ruunt,
1005 4474 1196 4573 creberque
1213 4476 1382 4572 procellis
1490 4575 1494 4583 ,

334 4591 497 4687 Africus,
515 4610 551 4661 et
566 4609 686 4665 vastos
703 4595 856 4666 volvunt
873 4594 920 4664 ad
936 4594 1042 4665 litora
1060 4588 1199 4666 fluctus.

1210 4705 1238 4774 P
1273 4728 1291 4776 a
