3750 6217
713 684 806 769 78
1005 666 2816 763 GEORGICON111.'v.127.

703 849 1093 942 Farraque;
1136 874 1228 919 ne
1272 846 1548 918 blando
1589 862 1903 940 nequeat
1942 867 2301 937 superesse
2336 842 2603 924 labori;

706 963 1161 1057 Invalidique
1195 980 1482 1058 patrum
1519 960 1814 1033 referant
1837 959 2111 1058 jejunia
2144 959 2311 1029 nati.

707 1079 882 1175 Ipsa
916 1097 1158 1149 autem
1194 1078 1423 1149 macie
1462 1094 1758 1148 tenuant
1797 1093 2115 1146 armenta
2148 1075 2510 1147 volentes:

705 1192 993 1289 Atque,
1039 1194 1168 1266 ubi
1209 1193 1634 1265 concubitus
1669 1191 1950 1286 primos
1979 1192 2132 1287 jam
2176 1208 2352 1262 nota
2384 1192 2725 1286 voluptas

706 1308 1094 1398 Sollicitat,
1136 1306 1572 1402 frondesque
1605 1326 1906 1406 negant,
1949 1325 2019 1377 et
2056 1303 2381 1379 fontibus
2414 1324 2685 1379 arcent:

706 1423 932 1520 Saepe
971 1426 1186 1497 etiam
1229 1449 1436 1496 cursu
1478 1425 1849 1518 quatiunt,
1896 1439 1964 1492 et
2002 1423 2154 1493 sole
2189 1419 2483 1521 fatigant
2509 1476 2532 1512 ‚

713 1539 970 1646 Quom
1013 1541 1306 1639 graviter
1343 1540 1570 1612 tunsis
1609 1539 1833 1637 gemit
1871 1563 2025 1607 area
2063 1534 2423 1633 frugibus,
2471 1556 2541 1609 et
2581 1560 2815 1631 quom

709 1652 1128 1754 Surgentem
1168 1656 1260 1726 ad
1294 1656 1712 1750 Zephyrum
1751 1654 1999 1748 paleae
2026 1660 2375 1755 jactantur
2414 1652 2680 1725 inanes.

711 1770 880 1841 Hoc
914 1768 1187 1842 faciunt
1220 1826 1241 1860 ,
1287 1770 1518 1841 nimio
1569 1794 1663 1840 ne
1707 1770 1882 1839 luxu
1932 1767 2310 1839 obtunsior
2350 1793 2519 1841 usus

710 1883 817 1957 Sit
852 1886 1136 1985 genitali
1172 1911 1339 1957 arvo
1364 1941 1386 1976 ,
1435 1905 1508 1957 et
1546 1886 1783 1957 sulcos
1821 1882 2130 1955 oblimet
2168 1884 2410 1955 inertis
2447 1912 2462 1951 :

712 1999 854 2073 Sed
889 2001 1114 2096 rapiat
1151 2002 1389 2075 sitiens
1417 1998 1777 2073 Venerem
1808 2055 1830 2090 ,
1877 1999 2314 2093 interiusque
2353 1998 2710 2071 recondat.

829 2112 1098 2190 Rursus
1135 2141 1295 2187 cura
1334 2136 1620 2213 patrum
1659 2116 1903 2188 cadere
1927 2170 1947 2206 ,
1998 2134 2068 2187 et
2104 2114 2472 2188 succedere
2509 2134 2820 2187 matrum

717 2231 1006 2325 Incipit.
1079 2232 1340 2305 exactis
1379 2232 1702 2331 gravidae
1743 2256 1975 2327 quom
2016 2230 2388 2333 mensibus
2424 2250 2695 2319 errant,

711 2346 888 2418 Non
929 2346 1085 2419 illas
1124 2348 1448 2446 gravibus
1487 2349 1874 2443 quisqua'm
1905 2351 2077 2447 juga
2116 2348 2369 2418 ducere
2408 2346 2737 2442 plaustris
2758 2364 2793 2435 ,·

712 2460 892 2533 Non
931 2463 1111 2534 saltu
1152 2487 1476 2559 superare
1508 2467 1699 2535 viam
1745 2460 1832 2536 sit
1869 2488 2121 2560 passus
2147 2519 2167 2553 ‚
2222 2479 2293 2534 et
2336 2464 2472 2532 acri

715 2575 1020 2672 Carpere
1059 2597 1255 2673 prata
1289 2579 1488 2678 fuga,
1536 2578 1942 2674 fluviosque
1978 2577 2219 2650 innare
2259 2602 2561 2672 rapaces.

715 2690 1027 2765 Saltibus
1066 2688 1142 2763 in
1176 2691 1430 2777 vacuis,
1453 2713 1746 2790 pascant
1771 2750 1792 2785 ,
1844 2715 1915 2767 et
1955 2698 2170 2789 plena
2210 2693 2611 2767 secundum

713 2802 1051 2879 Flumina
1089 2835 1106 2877 z
1164 2834 1455 2885 muscus
1497 2810 1625 2881 ubi
1659 2864 1681 2902 ‚
1733 2830 1804 2883 et
1842 2811 2267 2883 viridissima
2313 2810 2631 2908 gramine
2676 2809 2827 2904 ripa
2857 2858 2882 2898 ,

718 2920 1259 3020 Speluncaeque
1303 2943 1543 3025 tegant
1572 2979 1594 3017 ‚
1638 2946 1709 2999 et
1745 2952 1947 2999 saxea
1980 2925 2329 3021 procubet
2363 2923 2637 2996 umbra.

713 3036 843 3111 Est
880 3039 1084 3113 lucos
1121 3039 1319 3112 Silari
1357 3042 1534 3115 circa
1575 3034 2000 3137 ilicibusque
2036 3036 2379 3113 virentem

716 3148 1080 3228 Plurimus
1118 3154 1524 3229 Alburnum
1557 3160 1868 3231 volitans
1893 3212 1914 3249 ‚
1972 3158 2151 3253 quoi
2185 3177 2460 3229 nomen
2500 3156 2681 3229 asilo

718 3263 1142 3341 Romanum
1186 3290 1289 3344 est
1318 3327 1340 3363 ,
1394 3292 1712 3347 oestrum
1761 3273 1956 3345 Graii
1990 3294 2249 3349 vertere
2286 3291 2666 3352 vocantes3

718 3379 945 3477 Asper
969 3438 991 3476 ‚
1032 3385 1273 3457 acerba
1309 3412 1570 3463 sonans
1603 3416 1620 3458 ε
1679 3413 1832 3484 quo
1872 3408 2021 3461 tota
2056 3390 2369 3461 exterrita
2415 3387 2607 3461 silvis

720 3497 1122 3600 Diffugiunt
1162 3522 1510 3583 armenta;
1561 3503 1729 3576 furit
1761 3502 2156 3602 mugitibus
2194 3505 2423 3575 aether

717 3612 1131 3692 Concussus
1162 3672 1184 3708 ,
1236 3619 1594 3714 silvaeque
1638 3638 1709 3692 et
1753 3620 1916 3691 sicci
1958 3620 2113 3714 ripa
2152 3618 2473 3716 Tanagri.

718 3726 887 3801 Hoc
934 3735 1308 3826 quondam
1352 3754 1680 3808 monstro
1718 3732 2077 3807 horribilis
2112 3734 2419 3808 exercuit
2452 3735 2585 3808 iras

723 3842 1049 3920 Inachiae
1077 3848 1273 3936 Junt]
1313 3870 1591 3944 pestem
1637 3850 1974 3924 meditata
2002 3852 2362 3948 juvencae.
