3750 6217
1478 572 1493 615 X

526 735 976 818 Aruernos
1034 742 1116 817 xr.
1159 749 1349 827 arao.
1468 712 1543 839 iss

226 928 229 935 '
333 910 435 982 Tum
457 911 506 983 sic
524 915 707 1005 exspirans
725 913 875 1001 Accam,
896 937 940 982 ex
959 913 1169 1005 aequalibus
1191 932 1324 1000 unam,

334 1027 581 1121 Adloquitur;
605 1028 675 1098 fida
689 1048 775 1099 ante
795 1029 882 1100 alias
901 1054 993 1122 quae
1013 1031 1089 1099 sola
1106 1028 1299 1116 Camillae,

335 1143 499 1250 Quicum
521 1141 637 1237 partiri
657 1160 778 1224 curas}
801 1146 1014 1238 atque-haec
1035 1146 1082 1214 ita
1103 1142 1242 1230 satura

335 1258 541 1348 Hactenus,
563 1258 655 1330 Acca
677 1284 796 1361 soror,
817 1261 923 1355 potui
945 1288 953 1326 ι
983 1284 1080 1331 nunc
1099 1263 1232 1333 volnus
1250 1258 1419 1333 acerbum

256 1430 258 1435 -
334 1372 517 1464 Conficit,
540 1393 574 1446 et
591 1376 745 1447 tenebris
763 1376 966 1474 nigrescunt
984 1378 1108 1447 omnia
1129 1374 1275 1446 circum.

334 1490 484 1590 Effuge,
508 1500 543 1563 e't
562 1493 648 1562 haec
667 1490 793 1562 Tumo
813 1493 983 1564 mandata
1001 1493 1197 1564 novissima
1215 1488 1347 1587 perfer:

335 1603 509 1679 Succedat
526 1632 692 1706 pugnae;
717 1606 897 1679 Troianos
918 1627 1031 1679 arceat
1049 1606 1138 1679 urbi.
1196 1678 1199 1683 .

330 1720 488 1816 jamque
509 1724 597 1794 vale.
642 1724 750 1794 simul
767 1721 822 1794 his
842 1724 947 1795 dictis
968 1724 1155 1818 linquebat
1174 1721 1354 1813 habenae,
1398 1740 1401 1745 '

295 1858 297 1862 ‘
335 1836 395 1912 Ad
412 1857 538 1909 terram
557 1860 634 1909 non
655 1858 785 1933 sponte
804 1838 929 1911 fluens.
969 1856 1048 1911 tum
1069 1838 1194 1938 frigida
1214 1858 1295 1913 toto

338 1953 532 2026 Paullatim
553 1954 708 2026 exsolvit
729 1978 765 2026 se
785 1965 952 2050 corpore,
980 1956 1147 2049 lentaque
1169 1955 1264 2026 colla

339 2067 386 2142 Et
404 2088 549 2163 captum
571 2067 643 2141 leto
664 2070 788 2164 posuit
806 2091 935 2164 caput,
959 2096 1053 2142 arma
1072 2072 1299 2164 relinquensz

266 2194 268 2199 ’
337 2184 372 2256 V
376 2187 496 2279 itaque
515 2210 598 2256 cum
618 2188 755 2285 gemitu
776 2185 867 2284 fugit
885 2186 1067 2285 indignata
1086 2185 1154 2259 sub
1172 2185 1325 2258 umbras.

336 2296 437 2373 Tum
456 2326 538 2371 vero
561 2300 746 2373 inmensus
768 2326 911 2399 surgens
929 2289 1006 2374 ferit
1025 2328 1129 2374 aurea
1149 2305 1284 2374 clamor
1312 2316 1315 2321 '

336 2416 457 2489 Sidera
481 2443 488 2483 t
519 2414 654 2515 dejecta
674 2408 848 2488 crudescit
867 2441 990 2515 pugna
1011 2417 1190 2487 Camilla:

337 2529 530 2604 Incurrunt
548 2531 648 2603 densi
671 2529 781 2604 simul
803 2530 922 2603 omnis
943 2522 1049 2626 copia
1070 2531 1276 2622 Teucrum,

338 2644 588 2744 Tyrrhenique
607 2646 737 2738 duces,
761 2644 991 2741 Euandrique
1008 2643 1161 2720 Arcades
1180 2649 1265 2721 alae.
1285 2722 1290 2729 ,

393 2762 441 2834 At
459 2761 600 2835 Triviae
621 2782 742 2836 custos
754 2764 831 2861 jam
850 2764 991 2834 dudum
1013 2765 1049 2832 in
1069 2763 1260 2835 montibus
1277 2764 1371 2860 Opis

332 2879 416 2952 Alta
436 2880 534 2951 sedet
555 2880 730 2965 summis,
757 2897 963 2971 spectatque
985 2879 1137 2948 interrita
1157 2903 1317 2974 pugnas:

334 2995 456 3087 thue
476 2996 603 3092 procul
624 2993 749 3064 medio
766 2995 944 3091 juvenum
966 2994 1004 3063 in
1023 2995 1179 3064 clamore
1198 2992 1381 3065 furentum

311 3150 313 3155 ·
333 3110 524 3204 Prospexit
542 3109 630 3180 tristi
651 3110 840 3180 multatam
858 3126 975 3180 morte
993 3108 1209 3189 Camillam3

333 3221 616 3324 Ingemuitque‚
637 3224 811 3318 deditque
829 3225 892 3296 has
912 3226 989 3294 imo
1008 3243 1154 3319 pectore
1174 3250 1301 3297 voces:

332 3340 416 3412 Heu
435 3341 612 3431 nimium,
633 3343 757 3439 rirg0‚
780 3341 937 3411 nimium
959 3340 1100 3411 crudele
1118 3338 1216 3413 luisti

333 3455 566 3551 Supplicium
575 3461 590 3545 ,'
612 3454 774 3528 Teucros
795 3474 922 3527 conata
943 3458 1107 3529 lacessere
1128 3456 1251 3528 bello!

333 3566 410 3643 Nec
429 3572 496 3643 tibi
517 3572 674 3645 desertae
695 3574 733 3642 in
754 3573 876 3644 dumis
894 3573 1049 3643 coluisse
1069 3571 1226 3643 Dianam

334 3687 498 3777 Profuit,
527 3707 590 3760 aut
611 3709 751 3761 nostras
769 3689 920 3759 humero
941 3707 1091 3787 gestasse
1111 3689 1311 3782 pharetras:

332 3800 422 3876 Non
442 3823 565 3876 tamen
587 3806 795 3876 indecorem
816 3823 878 3875 tua
897 3825 933 3876 te
950 3806 1068 3903 regina
1088 3804 1234 3896 reliquit

335 3919 502 3992 Extrema
515 3923 590 4018 jam
611 3922 650 3991 in
669 3904 786 3992 morte
810 3949 817 3989 :
849 3946 967 4014 neque
987 3919 1057 3991 hoc
1076 3918 1152 3990 sine
1169 3913 1319 3990 nomine
1336 3918 1449 3992 letum

336 4035 402 4107 Per
422 4034 537 4134 gentis
555 4036 640 4112 erit;
661 4054 722 4106 aut
742 4035 877 4107 famam
899 4034 1041 4131 patieris
1062 4036 1204 4106 inultae.

337 4151 434 4221 Nam
454 4150 679 4244 quicumque
698 4168 804 4222 tuum
823 4153 972 4225 violavit
990 4154 1136 4223 volnere
1156 4175 1311 4247 corpus,

338 4266 457 4338 Morte
478 4270 553 4340 luet
573 4269 707 4338 merita.
749 4264 818 4338 fuit
839 4268 963 4366 ingens
982 4286 1109 4339 monte
1129 4266 1198 4339 sub
1218 4270 1291 4340 alto

337 4379 443 4481 Regis
465 4382 640 4454 Dercenni
659 4402 797 4453 teneno
819 4406 864 4454 ex
881 4410 1003 4483 aggere
1021 4384 1168 4456 bustum

338 4499 491 4593 Antiqui
513 4499 720 4587 Laurentis,
747 4524 932 4593 opacaque
954 4503 1034 4572 ilice
1054 4519 1211 4572 tectumr

338 4613 407 4687 Hic
426 4617 493 4687 dea
511 4641 548 4689 se
571 4616 733 4713 primurn
752 4616 880 4711 rapido
902 4618 1138 4713 pulcherrima
1157 4619 1241 4688 nisu
1281 4656 1284 4663 ·

1142 4732 1290 4807 Ccce
