3750 6217
343 811 419 884 ms
519 795 1352 908 haurrnosrn.erw

290 1017 310 1026 -
338 976 524 1073 Adparent
539 995 669 1067 terrae,
692 981 837 1049 coelum
856 979 1019 1072 undique
1039 997 1074 1049 et
1091 979 1254 1071 undique
1272 995 1431 1072 pontus:

339 1092 440 1164 Tum
459 1094 549 1163 mihi
569 1095 747 1166 caeruleus
767 1113 872 1188 supra
888 1113 996 1190 caput
1016 1094 1149 1166 adstitit
1168 1093 1305 1182 imber,

338 1208 497 1280 Noctem
515 1209 748 1302 hiememque
767 1207 882 1281 serens
900 1240 908 1287 ;
933 1227 969 1280 et
988 1209 1161 1280 inhorruit
1178 1207 1275 1278 unda
1291 1208 1456 1281 tenebris.

340 1322 528 1395 Continuo
551 1325 649 1393 venti
666 1327 819 1396 volvunt
838 1349 955 1413 mare,
979 1348 1182 1423 magnaque
1201 1342 1347 1423 surgunt

338 1439 516 1533 Aequora.
553 1439 702 1534 dispersi
717 1444 894 1538 jactamur
912 1441 1046 1537 gurgite
1064 1453 1175 1511 vasto.

339 1555 528 1628 Involvere
546 1555 644 1624 diem
664 1555 805 1643 nimbi,
827 1573 863 1625 et
881 1578 956 1624 nox
972 1553 1122 1625 humida
1143 1558 1287 1626 coelum

338 1669 508 1744 Abstulit.
550 1669 773 1766 ingeminant
792 1669 953 1762 abruptis
970 1671 1130 1743 nubibus
1149 1672 1260 1769 ignes.

338 1785 550 1858 Excutimur
567 1803 693 1874 cursu,
713 1804 750 1856 et
768 1785 876 1856 caecis
897 1809 1051 1855 erramus
1069 1788 1106 1855 in
1126 1787 1244 1857 undis.

339 1901 425 1996 Ipse
446 1900 544 1971 diem
562 1917 780 1994 noctemque
798 1916 903 1997 negat
922 1900 1117 1971 discernere
1138 1903 1262 1988 coelo,

340 2015 418 2088 Nec
437 2015 645 2086 meminisse
663 2017 740 2085 viae
756 2015 876 2085 media
893 2015 1081 2088 Palinunrs
1101 2015 1139 2084 in
1158 2015 1264 2084 unda.

340 2131 422 2203 Tris
442 2131 533 2201 adeo
554 2131 706 2201 incertos
726 2155 826 2201 caeca
847 2130 997 2227 caligine
1019 2132 1113 2202 soles

339 2247 505 2320 Erramus
524 2246 653 2341 pelago
677 2273 684 2313 :
714 2244 868 2316 totidem
887 2245 963 2316 sine
984 2245 1095 2317 sidere
1115 2263 1246 2318 noctes.

340 2361 480 2468 Quarto
501 2380 588 2432 terra
608 2359 666 2430 die
686 2361 847 2455 primum
867 2385 903 2431 se
921 2360 1092 2432 adtollere
1113 2362 1260 2434 tandem

339 2475 453 2566 Visa,
469 2477 607 2571 aperire
621 2477 749 2569 procul
765 2476 923 2563 montis,
945 2501 985 2548 ac
1001 2478 1143 2548 volvere
1160 2475 1314 2546 fumum.

339 2589 433 2665 Vela
454 2591 606 2670 cadunt3
628 2592 733 2663 remis
754 2591 971 2688 insurgimus
993 2619 1001 2660 :
1030 2592 1127 2662 haud
1146 2615 1266 2679 mora,
1288 2607 1415 2661 nautae

338 2707 475 2782 Adnixi
493 2724 663 2800 torquent
682 2731 851 2802 spumas,
877 2721 912 2776 et
929 2708 1065 2780 caerula
1085 2724 1234 2778 verrunt.
1406 2686 1409 2698 ¹

338 2823 524 2896 Servatum
545 2847 589 2892 ex
607 2821 715 2893 undis
734 2819 977 2915 Strophadum
995 2847 1056 2891 me
1077 2825 1180 2894 litora
1198 2821 1314 2915 prima

337 2937 548 3033 Adcipiunt.
588 2936 807 3031 Strophades
826 2935 935 3007 Graio
955 2954 1048 3008 stant
1067 2938 1219 3008 nomine
1239 2937 1377 3028 dictae,

339 3051 484 3126 Insulae
503 3052 610 3125 Ionio
630 3053 668 3121 in
687 3076 821 3150 magno
844 3077 852 3120 ε
882 3077 971 3145 quas
991 3052 1065 3124 dira
1086 3053 1266 3140 Celaeno,

340 3168 591 3264 Harpyiaeque
609 3170 735 3238 colunt
754 3169 864 3258 aliae,
886 3168 1034 3238 Phineia
1051 3187 1250 3264 postquam

340 3284 469 3355 Clausa
488 3284 646 3370 domus,
671 3303 885 3375 mensasque
903 3301 1004 3354 metu
1025 3286 1159 3377 liquere
1178 3283 1324 3377 priores.

339 3398 492 3469 Tristius
510 3396 606 3466 haud
626 3397 697 3467 illis
716 3415 943 3486 monstrum,
964 3421 1031 3467 nec
1049 3399 1184 3469 saevior
1202 3398 1277 3464 ulla

339 3513 453 3585 Pestis
473 3529 508 3581 et
527 3512 575 3580 ira
595 3510 707 3580 deirm
727 3509 854 3607 Stygiis
876 3537 950 3582 sese
970 3513 1098 3582 extulit
1115 3510 1231 3580 undis.

338 3625 501 3724 Virginei
521 3627 709 3695 volucnrm
728 3627 873 3714 voltuS,
900 3624 1110 3695 foedissima
1127 3624 1259 3693 ventris

338 3741 544 3832 Proluvies,
569 3763 755 3834 uncaeque
780 3764 935 3829 manus,
961 3757 996 3809 et
1016 3738 1152 3833 pallida
1179 3759 1321 3831 semper

337 3857 411 3928 Ora
428 3855 532 3929 fame.

337 3971 421 4046 Huc
441 3974 503 4044 ubi
523 3974 630 4045 delati
650 3991 776 4066 portus
797 3972 1029 4052 intravimus;
1054 3995 1135 4043 ecce

336 4088 445 4160 Laeta
465 4088 581 4158 boum
601 4089 735 4183 passim
753 4089 891 4181 campis
911 4107 1069 4160 armenta
1086 4087 1269 4177 videmuS,

337 4201 655 4301 Caprigenumque
676 4223 803 4297 pecus,
823 4204 927 4274 nullo
947 4204 1121 4293 custode,
1145 4229 1208 4299 per
1226 4202 1361 4275 herbas.

337 4319 519 4388 Inruimus
538 4316 654 4406 ferro,
680 4340 715 4389 et
735 4317 866 4407 divos,
890 4320 1087 4414 ipsumque
1101 4342 1274 4388 vocamus

336 4434 383 4504 In
400 4450 537 4526 partem
557 4433 800 4526 praedamque
816 4432 958 4520 Jovem.
999 4452 1079 4504 tum
1098 4434 1201 4504 litore
1222 4456 1328 4502 curvo

334 4547 631 4640 Exstruimusque
652 4567 772 4636 toros,
798 4548 1026 4641 dapibusque
1046 4549 1236 4642 epulamur
1259 4547 1404 4641 opimis.

334 4661 384 4740 At
400 4661 539 4740 subitae
554 4662 721 4737 horrifico
740 4662 843 4736 labsu
861 4664 906 4734 de
924 4663 1114 4735 montibus
1132 4660 1261 4736 adsunt
