3750 6217
367 717 443 812 φορ
537 665 1413 797 auurruos'vr1r.v.'sis·

367 882 538 974 Namque
558 878 743 973 inproviso
764 880 918 950 vibratus
939 877 983 948 ab
1003 878 1140 947 aethere
1160 870 1280 973 fulgor

368 997 466 1069 Cum
487 996 607 1067 sonitu
626 996 740 1083 venit,
764 1015 798 1066 et
817 1020 914 1065 ruere
936 994 1060 1065 omnia
1079 993 1153 1061 visa
1171 1008 1337 1084 repente,

368 1112 645 1209 Tyrrhenusque
663 1112 770 1181 tubae
788 1111 924 1208 mugire
942 1134 1006 1203 per
1024 1109 1160 1179 aethera
1181 1108 1336 1203 clangor.

369 1227 580 1322 Suspiciuut
602 1254 609 1292 :
640 1226 771 1296 iterum
792 1244 899 1318 atque
919 1226 1046 1294 iterum
1066 1222 1182 1320 fragor
1199 1224 1357 1316 increpat
1378 1221 1517 1320 ingena

371 1343 481 1415 Arma
496 1341 591 1429 ‘inter
610 1336 769 1430 nubem,
792 1342 883 1411 coeli
904 1341 1104 1438 inregioue
1125 1362 1266 1426 serena,

372 1459 439 1531 Per
457 1456 589 1528 sudum
608 1455 748 1527 rutilare
768 1456 912 1544 vident,
936 1473 972 1525 et
989 1457 1093 1549 pulsa
1112 1432 1246 1543 tonaire.
1355 1439 1357 1443 ¹

371 1573 604 1666 Obstupuere
620 1572 751 1643 animis
769 1572 851 1650 alii:
875 1572 937 1643 sed
956 1567 1088 1640 Troius
1108 1571 1212 1640 heros

373 1688 560 1790 Adgnovit
578 1683 762 1776 sonitum,
786 1705 821 1758 et
838 1686 940 1757 divae
959 1684 1135 1780 promissa
1155 1683 1320 1779 parentis.
1419 1683 1424 1696 ’

374 1805 475 1875 Tum
495 1801 674 1873 meruerat
694 1831 701 1870 :
732 1803 787 1873 Ne
805 1828 911 1891 vero,
931 1799 1087 1897 hospes,
1108 1826 1154 1870 ne
1172 1804 1301 1893 qua'ere
1319 1798 1510 1893 profecto,

376 1907 502 2024 Queiu
522 1913 644 1989 ‘casuln
663 1912 825 2012 portenta
846 1917 983 1988 ferant!
1013 1942 1080 2014 ego
1102 1917 1235 2010 poscor
1251 1894 1429 2009 Olympi).

375 2035 460 2105 Hoc
481 2029 771 2132 signum-'cecinit
785 2036 974 2126 missuram
995 2029 1075 2101 dina
1098 2030 1263 2118 creatiix,

376 2133 413 2247 Si
431 2143 571 2220 belluin
593 2148 784 2245 ingnrer'et;
806 2146 1058 2239 Vulcaniaque
1078 2147 1172 2217 arnra
1192 2145 1375 2241 peraratas
1453 2179 1455 2184 ·

378 2261 545 2335 Laturarn
566 2253 711 2333 auxilie.
1150 2354 1154 2364 Ι

378 2363 483 2467 lleu,
506 2381 659 2471 quantae
676 2378 813 2449 miseris
833 2377 956 2449 caedes
977 2370 1213 2470 Laurentibus
1232 2378 1385 2449 instant!

380 2484 484 2598 Quas
501 2507 638 2585 poenas
657 2475 769 2581 inihi,
788 2492 929 2584 Turne,
951 2477 1074 2564 dabisl
1098 2503 1208 2586 quain
1226 2482 1341 2563 nrulia
1359 2490 1426 2562 sub
1444 2489 1567 2561 undas

380 2605 486 2705 Scuta
506 2607 646 2695 virum,
671 2610 881 2705 galeasque,
901 2628 936 2681 et
953 2607 1056 2678 fortia
1076 2622 1224 2702 corpora
1242 2610 1390 2695 volves,
1478 2653 1483 2660 -

382 2719 521 2818 Thybri
541 2732 640 2817 pater
661 2719 669 2791 !
691 2725 852 2825 ¹pascant
870 2724 985 2811 acles,
1009 2723 1047 2795 et
1063 2722 1206 2793 foedera
1226 2717 1405 2818 rumpant.

392 2925 397 2932 ¹
440 2837 538 2909 Hae'c
557 2835 622 2907 ubi
644 2823 742 2911 dicta¹
755 2840 878 2928 dedit,
900 2842 994 2939 solia
1014 2860 1050 2910 se
1070 2839 1167 2910 tollit
1186 2838 1231 2909 ab
1251 2840 1347 2923 altot

382 2943 429 3026 'Et
446 2952 606 3052 primurn
624 2954 807 3025 Herculeis
828 2956 963 3050 sopitas
983 2941 1127 3051 ignibus
1143 2980 1216 3026 aras

383 3069 546 3162 Excitat,
567 3069 845 3164 hesternumque
863 3057 989 3141 Larern
1003 3100 1024 3159 ,¹
1038 3091 1238 3164 parvosque
1256 3055 1399 3141 Penatis

385 3167 516 3255 Laetus
531 3177 606 3254 adit
626 3207 634 3253 ε
666 3199 823 3257 mactant
840 3188 947 3257 lectas
964 3186 1009 3256 de
1029 3189 1130 3256 inore
1147 3184 1327 3274 bidentis,

386 3279 571 3370 Euandrus
588 3297 739 3390 pariter,
764 3301 891 3395 pariter
909 3299 1066 3371 Troiana
1079 3301 1260 3398 juventus.

272 3457 283 3474 ι
388 3414 474 3483 P'ost'
491 3412 574 3481 hinc
590 3413 635 3481 ad
652 3416 751 3485 navis
769 3415 940 3513 grafium,
965 3417 1156 3508 sociosque
1177 3414 1314 3487 revisit:⁴

388 3522 558 3633 Quorum
579 3521 623 3597 de
641 3553 809 3619 numeru,
834 3532 898 3624 qui
920 3549 993 3601 sese
1013 3533 1049 3599 in
1070 3532 1163 3600 bella
1185 3527 1395 3625 sequantui,-

387 3643 597 3714 Praestantis
615 3641 743 3714 virtute
763 3645 846 3743 legit
870 3674 877 3712 ε
907 3645 986 3739 pars
1006 3661 1114 3716 cetera
1134 3666 1249 3740 pruna

388 3757 508 3829 Fertur
526 3784 639 3850 aqua,
667 3761 855 3857 segnisque
876 3762 1032 3833 secundo
1054 3759 1179 3833 ‹lelluit
1197 3763 1317 3851 arrrui‚·

389 3872 523 3944 Nuntia
542 3869 688 3945 ventura
705 3874 857 3946 Ascanio
876 3891 1066 3969 rerumque
1087 3879 1274 3971 patrisque.

389 3989 528 4060 Dantur
546 3991 630 4082 equi
644 3989 795 4061 Teucris
814 3991 993 4084 Tyrrhena
1012 3983 1217 4086 petentibus
1238 4015 1339 4063 arva:
1443 4030 1446 4033 ⁴

391 4103 541 4173 Ducunt
560 4122 736 4174 exsortem
756 4105 895 4176 Aeneae
912 4138 919 4185 ;
944 4133 1053 4199 quern
1075 4109 1171 4178 fulva
1190 4110 1304 4178 leonis

391 4218 499 4288 Pellis
520 4217 598 4288 obit
617 4232 757 4310 toturn,
780 4221 1002 4319 praefulgens
1022 4224 1203 4321 unguibus
1224 4224 1343 4294 aureis.

448 4332 557 4401 Fama
574 4334 672 4403 volat
689 4360 833 4440 paruam
854 4328 1133 4435 subito-uolgata
1154 4365 1216 4434 per
1234 4339 1381 4428 urbem,

390 4448 503 4518 Ocius
520 4448 567 4517 ire
588 4450 724 4554 equites
742 4452 914 4545 Tyrrheni
932 4453 977 4523 ad
996 4455 1120 4523 limina
1140 4456 1238 4550 regis.

391 4560 490 4633 Vota
508 4583 608 4636 metu
625 4565 810 4660 duplicant
830 4587 978 4659 matres,
999 4572 1223 4665 propiusque
1244 4570 1377 4663 periclo

117 5181 428 5591 η
