3750 6217
385 722 1269 809 GEORG100N111.e.rs.
1381 751 1428 821 75

219 896 341 995 Atque
355 897 441 970 hinc
459 899 657 971 undantem
676 900 797 988 bello,
824 923 1078 997 magnumque
1095 898 1271 969 fluentem

217 1016 368 1104 Nilum,
394 1040 434 1085 ac
456 1016 572 1085 navali
594 1017 767 1114 surgentis
788 1040 865 1085 aere
888 1017 1087 1086 columnas.

217 1128 365 1203 Addam
384 1131 488 1202 urbes
506 1130 609 1202 Asiae
628 1132 810 1219 domitas,
833 1132 1057 1225 pulsumque
1073 1130 1279 1224 Niphaten,

217 1248 247 1319 F
249 1249 485 1340 identemque
503 1246 586 1346 fuga
607 1248 776 1318 Parthum
795 1245 976 1339 versisque
995 1245 1154 1343 sagittis,

215 1363 262 1435 Et
284 1363 360 1433 duo
382 1380 481 1456 rapta
501 1383 613 1433 manu
633 1363 773 1434 diverso
795 1385 839 1432 ex
855 1362 960 1433 hoste
980 1379 1149 1454 tropaea,

216 1474 351 1573 Bisque
372 1477 609 1571 triumphatas
629 1496 783 1572 utroque
802 1474 847 1547 ab
868 1476 973 1548 litore
991 1495 1122 1574 gentes.

215 1593 370 1667 Stabunt
388 1610 423 1663 et
444 1582 535 1662 Parii
554 1593 712 1688 lapides,
736 1592 904 1688 spirantia
925 1592 1046 1690 signa,

216 1708 374 1781 Assaraci
394 1709 536 1801 proles,
563 1702 810 1803 demissaeque
834 1707 879 1778 ab
893 1706 985 1795 Jove
1002 1707 1118 1805 gentis

220 1824 402 1911 Nomina,
425 1820 590 1917 Trosque
608 1846 755 1921 parens,
779 1842 814 1895 et
835 1814 966 1894 Troiae
985 1821 1162 1917 Cynthius
1180 1838 1313 1895 auctor,

222 1938 364 2010 lnvidia
382 1935 508 2009 infelix
528 1939 646 2012 Furias
666 1961 886 2033 amnemque
906 1962 1066 2010 severum

220 2054 351 2149 Cocyti
372 2071 531 2145 metuet,
550 2072 738 2150 tortosque
765 2055 904 2126 Ixionis
925 2054 1068 2151 anguis,

222 2172 490 2263 inmanemque
509 2186 624 2242 rotam
641 2228 651 2262 ,
675 2188 710 2242 et
728 2195 803 2241 non
822 2169 1066 2265 exsuperabile
1084 2192 1221 2243 saxum.

220 2281 359 2357 Interea
381 2283 566 2380 Dryadum
586 2288 689 2361 silvas
709 2281 889 2380 saltusque
909 2304 1100 2379 sequamur

218 2400 402 2490 Intactos,
422 2416 505 2491 tua,
528 2402 738 2491 Maecenas,
758 2401 854 2473 haud
874 2400 1002 2472 mollia
1016 2403 1123 2500 jussa.

219 2514 273 2587 Te
294 2517 371 2589 sine
389 2516 442 2585 nil
461 2519 575 2589 altum
596 2544 701 2592 mens
721 2519 875 2591 inchoat
912 2540 957 2588 en
975 2542 1061 2615 age,
1084 2517 1200 2615 segnis

219 2628 366 2727 Rumpe
386 2656 505 2706 moras
525 2663 533 2703 :
562 2656 667 2707 vocat
689 2635 824 2732 ingenti
843 2636 1000 2704 clamore
1020 2631 1232 2720 Cithaeron,

207 2738 442 2844 ¹Taygetique
463 2774 595 2839 canes,
618 2750 864 2842 domitrixque
883 2748 1083 2842 Epidaurus
1103 2766 1280 2839 equorum
1296 2770 1315 2814 r

220 2860 265 2931 Et
282 2884 357 2931 vox
376 2861 528 2933 adsensu
547 2886 740 2935 nemorum
760 2860 978 2961 ingeminata
998 2861 1159 2958 remugit.

218 2972 311 3045 Mox
324 2992 447 3045 tamen
467 2976 621 3051 ardentis
639 2978 805 3075 adcingar
825 2978 941 3047 dicere
958 2998 1100 3072 pugnas

220 3088 401 3178 Caesaris,
426 3110 462 3162 et
481 3115 619 3162 nomen
637 3092 732 3163 fama
754 3110 811 3163 tot
830 3089 916 3161 serre
933 3116 997 3186 per
1016 3110 1152 3176 annos,

218 3202 371 3275 Tithoni
390 3205 506 3299 prima
528 3227 619 3299 quot
639 3204 738 3279 abest
757 3206 802 3278 ab
823 3205 959 3304 origine
978 3202 1113 3275 Caesar.

273 3316 344 3390 Seu
364 3320 467 3412 quis,
494 3322 732 3417 Olympiacae
756 3323 904 3392 miratus
924 3320 1081 3415 praemia
1097 3319 1264 3413 palmae,

217 3434 333 3507 Pascit
356 3460 492 3528 equos;
517 3462 579 3507 seu
600 3436 682 3531 quis
705 3436 805 3509 fortis
829 3430 874 3506 ad
897 3454 1003 3507 aratra
1018 3438 1213 3533 juvencos,

216 3550 379 3645 Corpora
398 3553 589 3646 praecipue
611 3573 767 3625 matrum
787 3555 889 3651 legat.
929 3569 1081 3646 optuma
1099 3568 1220 3621 torvae

216 3665 346 3737 Forma
365 3665 497 3757 bovis,
526 3668 584 3739 cui
601 3687 705 3764 turpe
729 3688 860 3764 caput,
883 3667 941 3739 cui
960 3665 1116 3762 plurima
1136 3665 1277 3755 cervht,

216 3780 262 3854 Et
279 3804 421 3853 crunam
440 3801 545 3855 tenus
565 3809 584 3853 a
601 3804 727 3857 mento
746 3785 899 3880 palearia
918 3780 1089 3877 pendent

217 3894 319 3968 Tum
339 3898 453 3996 longo
474 3900 597 3970 nullus
615 3901 715 3971 lateri
736 3899 871 3973 modus
897 3927 904 3967 :
936 3897 1060 3969 omnia
1080 3919 1232 3994 magna:

218 4008 285 4083 Pes
305 4011 432 4101 etiam,
455 4032 490 4085 et
510 4015 662 4087 camuris
680 4015 791 4086 hirtae
811 4014 878 4087 sub
900 4012 1069 4085 cornibus
1088 4035 1197 4083 autes.

218 4124 295 4198 Nec
311 4127 402 4197 mihi
421 4128 610 4224 displiceat
628 4130 776 4201 maculis
796 4130 945 4228 insignis
965 4148 1002 4199 et
1019 4126 1127 4215 albo,

217 4243 291 4314 Aut
304 4245 389 4341 juga
409 4243 628 4335 detrectans,
657 4245 909 4340 interdumque
929 4269 1050 4338 aspera
1070 4264 1211 4333 cornu,

218 4356 265 4430 Et
284 4355 413 4428 faciem
434 4378 535 4433 tauro
557 4362 730 4457 propior,
752 4386 917 4456 quaeque
937 4360 1045 4431 ardua
1064 4378 1162 4453 tota,
1208 4343 1212 4352 ¹

219 4472 265 4544 Et
284 4473 446 4572 gradiens
466 4477 539 4547 ima
556 4480 659 4549 verrit
677 4474 823 4577 vestigia
843 4474 966 4549 cauda.

188 4674 190 4679 Ι
220 4586 326 4662 Aetas
344 4588 540 4686 Lucinam,
557 4595 748 4693 justosque
767 4592 844 4689 pati
862 4592 1085 4687 hymenaeos

1113 4702 1198 4779 Ka
