3750 6217
503 743 955 832 AENEIDO·S
1015 744 1109 825 ΙΙἸ.Ι
1165 770 1198 816 v.
1264 739 1364 818 160?
1463 744 1536 830 167

332 915 463 1013 Magna
483 938 590 1008 para,
612 914 841 1011 longumque
859 908 962 1005 fugae
983 934 1028 979 ne
1048 911 1174 1003 linque
1195 911 1366 997 laborem,

331 1030 527 1102 Mutandae
548 1028 656 1101 sedes.
693 1052 771 1098 non
791 1028 877 1097 haec
897 1025 966 1098 tibi
986 1025 1088 1097 litora
1109 1029 1217 1100 suasit

331 1146 479 1236 Delius,
502 1167 565 1216 aut
582 1143 706 1223 Cretae
723 1142 831 1241 jussit
848 1140 1056 1228 considere,
1076 1140 1224 1234 Apollo.

334 1261 398 1334 Est
417 1263 545 1349 locus,
570 1258 783 1353 Hesperiam
802 1256 899 1327 Graii
913 1257 1139 1353 -cognomine
1160 1258 1307 1330 dicunta

333 1376 442 1447 Terra
462 1377 631 1468 antiqua,
654 1392 786 1468 potens
806 1372 932 1460 armis,
958 1389 1066 1463 atque
1084 1371 1192 1444 ubere
1212 1372 1343 1472 glebae.

333 1491 487 1562 Oenotri
507 1492 648 1561 coluere
667 1489 731 1561 viri
751 1517 758 1557 :
791 1512 887 1557 nunc
905 1487 1023 1575 fama,
1044 1486 1202 1560 minores

335 1606 479 1677 Italiam
500 1606 651 1694 dixisse,
672 1605 773 1676 ducis
792 1603 838 1673 de
858 1603 1033 1691 nomine,
1056 1622 1209 1699 gentem.

334 1721 414 1799 Hae
431 1721 540 1799 nobis
558 1720 722 1814 propriae
747 1719 868 1798 sedesr
891 1718 975 1788 hinc
996 1717 1183 1791 Dardanus
1205 1738 1326 1808 ortus,

336 1836 523 1930 Iasiusque
543 1854 660 1931 pater,
679 1859 790 1934 genus
810 1861 829 1904 a
851 1858 926 1927 quo
947 1833 1110 1928 principe
1130 1854 1302 1908 nostrum.

334 1950 442 2050 Surge
460 1976 543 2049 age,
566 1969 602 2021 et
621 1953 707 2022 haec
729 1954 841 2022 laetus
860 1952 1037 2047 longaevo
1058 1950 1152 2023 dicta
1172 1950 1309 2045 parenti

335 2067 445 2149 Haud
463 2066 658 2137 dubitanda
680 2065 768 2137 refer
790 2094 797 2134 :
826 2065 1050 2159 Corythum,
1073 2067 1424 2160 terrasque‘requirar

335 2182 522 2257 Ausonias.
554 2180 700 2261 Dictaea
719 2200 824 2280 negat
843 2181 909 2252 tibi
923 2181 1092 2274 Juppiter
1108 2208 1196 2254 arva.
1258 2170 1261 2175 ’

393 2297 545 2372 Talibus
564 2298 747 2368 adtonitus
763 2298 867 2384 visis,
886 2321 926 2366 ac
946 2322 1033 2367 voce
1053 2296 1227 2389 deorum,

337 2414 436 2507 (Nec
457 2438 568 2506 sopor
583 2412 678 2482 -illud
698 2431 791 2490 erat;
812 2411 874 2483 sed
893 2435 1014 2482 coram
1032 2414 1247 2511 adgnoscere
1266 2415 1415 2507 voltus,

334 2529 555 2622 Velatasque
576 2553 718 2617 comas,
741 2527 1010 2621 praesentiaque
1031 2553 1093 2599 ora
1110 2529 1275 2611 videbare

337 2644 439 2713 Tum
459 2644 598 2740 gelidus
618 2662 698 2715 toto
717 2643 887 2713 manabat
906 2667 1056 2735 corpore
1076 2644 1212 2738 sudor)

341 2757 517 2850 Conripio
539 2783 558 2829 e
577 2759 689 2832 stratis
709 2782 860 2852 corpuS,
883 2757 1071 2851 tendoque
1089 2758 1249 2852 supinas„

264 2967 267 2972 Ι
336 2872 396 2944 Ad
415 2873 558 2950 coelum
576 2898 661 2945 cum
681 2898 770 2951 voce
788 2897 941 2960 manus,
966 2893 1001 2945 et
1020 2897 1167 2944 munera
1185 2873 1263 2945 libo

339 2988 554 3059 intemerata
573 2986 673 3059 focis.
716 2985 873 3081 perlecto
896 2989 1007 3058 laetus
1026 2988 1164 3060 honore

338 3101 520 3173 Anchisen
541 3100 634 3171 facio
656 3121 808 3189 certum,
832 3126 980 3194 remque
1000 3102 1125 3173 ordine
1145 3102 1279 3195 pando.

337 3217 524 3316 Adgnovit
543 3219 687 3312 prolem
708 3217 935 3314 ambiguam,
958 3218 1195 3315 geminosque
1213 3219 1390 3313 parentis;

338 3332 456 3425 Seque
475 3356 572 3402 novo
590 3350 749 3404 veterum
769 3332 962 3427 deceptum
981 3357 1094 3404 errore
1112 3333 1285 3405 locorum.

337 3448 437 3519 Tum
461 3466 670 3530 memorat:
700 3446 815 3536 Nate,
840 3448 957 3518 Iliacis
976 3448 1126 3519 exercite
1145 3446 1244 3537 fatis,

337 3561 422 3635 Sola
440 3563 531 3633 mihi
551 3562 631 3635 talis
651 3585 750 3634 casus
773 3561 968 3645 Cassandra
987 3562 1145 3650 canebat.¹

338 3678 445 3748 Nunc
465 3697 587 3774 repeto
607 3677 693 3751 haec
713 3678 831 3776 generi
851 3678 1066 3775 portendere
1085 3679 1204 3751 debita
1220 3698 1365 3763 nostros

339 3793 386 3864 Et
405 3819 510 3887 saepe
531 3792 765 3886 Hesperiam,
791 3817 896 3887 saepe
918 3794 1007 3867 Itala
1026 3819 1131 3892 regna
1150 3819 1284 3866 vocare.

340 3905 409 3978 Sed
430 3908 512 4000 quis
530 3907 576 3977 ad
594 3907 785 4002 Hesperiae
803 3928 974 3982 venturos
993 3909 1099 3980 litora
1118 3910 1277 3984 Teucros

341 4021 508 4093 Crederet
527 4023 543 4091 ‚2
573 4040 634 4094 aut
653 4047 764 4115 quem
782 4041 863 4095 tum
880 4042 977 4098 vates
996 4022 1192 4099 Cassandra
1210 4023 1403 4099 moveret?

342 4137 524 4209 Cedamus
544 4136 717 4226 Phoebo,
738 4156 773 4209 et
791 4139 923 4211 moniti
943 4140 1093 4213 meliora
1113 4166 1314 4236 sequamur.

340 4249 399 4326 Sic
417 4253 466 4324 ait
490 4280 498 4320 ε
528 4271 564 4324 et
580 4253 699 4323 cuncti
718 4252 817 4326 dicto
838 4279 1005 4349 paremus
1025 4277 1182 4342 orentes,

341 4367 447 4439 Hanc
466 4394 616 4462 quoque
633 4367 829 4441 deserimus
850 4369 993 4457 sedem,
1016 4373 1213 4465 paucisque
1232 4371 1363 4448 relictis

342 4481 435 4557 Vela
455 4484 610 4573 damus,
630 4504 843 4579 vastumque
863 4511 948 4559 cava
967 4488 1065 4559 trabe
1084 4490 1256 4560 currimus
1277 4512 1421 4579 aequor.

401 4598 600 4694 Postquam
615 4601 732 4678 altum
750 4621 892 4678 tenuere
913 4621 1022 4694 rates,
1048 4626 1113 4674 nec
1128 4604 1206 4701 jam
1222 4604 1380 4696 amplius
1396 4602 1491 4677 uuae
