3750 6217
441 645 1259 774 xruaruosvu.tsr
1376 699 1452 791 ru

246 872 369 980 Quam
389 889 487 964 pater
504 871 708 956 inventam,
732 868 865 961 primas
884 892 999 960 quoin
1019 865 1188 939 conderet
1205 887 1317 950 arces,

247 989 332 1082 lpse
353 985 527 1055 serebatur
547 982 697 1054 Phoebo
718 1007 864 1053 sacrasse
884 981 1050 1072 Latinus,

246 1102 508 1192 Laurentisque
529 1099 574 1169 ab
593 1124 634 1168 ea
654 1123 791 1168 nomen
811 1099 975 1191 posuisse
995 1099 1145 1171 colonis.

245 1218 361 1315 Hujus
379 1241 464 1308 apes
483 1239 668 1293 summum
689 1213 839 1301 densae,
863 1213 1055 1306 (mirabile
1076 1214 1197 1306 dictu)

247 1330 403 1404 Stridore
424 1331 559 1427 ingenti
579 1329 764 1423 liquidum
781 1349 874 1398 trans
895 1329 1032 1400 aethera
1050 1348 1191 1415 vectae,

247 1447 431 1519 Obsedere
451 1446 614 1539 apicem;
639 1464 693 1533 et,
718 1444 872 1538 pedibus
892 1470 955 1538 per
976 1463 1099 1516 mutua
1120 1443 1238 1533 nexis,

247 1562 409 1633 Examen
430 1559 591 1631 subitum
611 1584 712 1630 ramo
731 1558 919 1630 frondente
937 1561 1123 1653 pependit.

248 1676 434 1748 Continuo
453 1692 570 1764 vates,
592 1674 785 1745 Externum
805 1658 1010 1764 cernimus,
1033 1676 1176 1768 inquit,

247 1792 449 1863 Adventare
468 1791 608 1878 virum,
632 1808 667 1860 et
683 1789 791 1883 partis
810 1808 928 1883 petere
948 1815 1077 1887 agmen
1097 1791 1240 1863 easdem

248 1907 410 1979 Partibus
433 1931 476 1983 ex
498 1905 649 1992 iisdem,
674 1924 709 1974 et
729 1928 871 1974 summa
892 1905 1109 1977 dominarier
1128 1930 1213 1979 arce.

251 2022 450 2108 Praeterea,
473 2020 576 2091 castis
596 2019 718 2090 adolet
738 2020 828 2088 dum
847 2022 968 2089 altaria
987 2022 1121 2111 taedis,

251 2136 300 2208 Ut
314 2141 414 2236 juxta
437 2136 635 2232 genitorem
656 2134 770 2205 adstat
791 2134 935 2205 Lavinia
953 2137 1075 2232 virgo,

247 2252 337 2325 Visa
358 2252 499 2345 (nefas)
522 2251 641 2348 longis
660 2250 901 2344 conprendere
919 2250 1074 2324 crinibus
1094 2253 1238 2350 ignem,

248 2366 369 2461 Atque
390 2391 543 2436 omnem
563 2385 728 2437 ornatum
746 2364 892 2436 flamma
911 2368 1107 2460 crepitante
1124 2368 1289 2439 cremari:

247 2481 462 2579 Regalisque
481 2481 632 2552 adcensa
651 2505 796 2568 comas,
821 2481 970 2552 adcensa
990 2507 1187 2572 coronam,

248 2597 432 2695 Insignem
452 2597 603 2693 gemmis
625 2624 632 2664 :
661 2615 740 2685 turn
758 2593 898 2666 fumida
916 2598 1054 2670 lumine
1074 2596 1177 2676 fulvo

248 2712 411 2799 Involvi,
432 2737 471 2780 ac
492 2712 577 2782 totis
594 2709 802 2798 Volcanum
822 2736 981 2808 spargere
999 2713 1110 2784 tectis.

247 2827 294 2897 Id
314 2851 397 2897 vero
416 2825 657 2914 horrendum,
683 2851 722 2899 ac
741 2827 820 2897 visu
839 2827 1002 2901 mirabile
1021 2825 1121 2897 ferri:

248 2941 417 3034 Namque
437 2939 515 3010 fore.
534 2941 719 3035 inlustrem
740 2939 836 3011 fama
852 2939 1005 3034 fatisque
1026 2942 1199 3015 canebant

249 3057 373 3150 Ipsam
391 3087 399 3135 ;
424 3056 484 3126 sed
507 3055 650 3148 populo
668 3079 842 3152 magnum
862 3056 1074 3149 portendere
1093 3059 1241 3133 bellurn.

250 3171 299 3242 At
316 3195 377 3241 rex
395 3171 570 3243 sollicitus
589 3171 782 3259 monstris,
806 3173 947 3242 oracula
963 3172 990 3240 F
991 3173 1097 3262 auni,

248 3286 398 3357 Fatidici
417 3285 603 3383 genitoris,
622 3286 716 3375 adit,
738 3288 912 3380 lucosque
931 3286 997 3358 sub
1018 3288 1088 3357 alta

247 3401 417 3472 Consulit
436 3399 600 3479 Albunea
624 3428 632 3469 :
661 3424 855 3477 nemorum
875 3427 967 3495 quae
987 3426 1155 3473 maxuma
1175 3427 1271 3475 sacro

245 3516 363 3593 Fonte
385 3536 504 3606 sonat,
528 3540 747 3608 saevamque.
762 3518 899 3588 exhalat
919 3543 1034 3612 opaca
1051 3520 1253 3611 mephitim.

247 3631 343 3705 Hinc
364 3633 474 3703 Italae
494 3649 638 3729 gentes,
665 3631 863 3725 omnisque.
876 3633 1049 3704 Oenotria
1066 3635 1195 3723 tellus,

247 3747 294 3817 ln
315 3747 436 3818 dubiis
456 3771 625 3840 responsa
645 3765 785 3842 petunt
820 3747 890 3818 huc
911 3746 1009 3819 dona
1027 3748 1201 3820 sacerdos

250 3862 379 3964 Quom
395 3861 499 3949 tulit,
523 3879 558 3930 et
575 3887 756 3961 caesarum,
771 3864 900 3943 ovium
917 3863 987 3934 suh
1004 3882 1110 3934 nocte
1130 3863 1248 3934 silenti

249 3975 411 4046 Pellibus
428 3974 592 4046 incubuit
612 3977 750 4064 stratis,
774 4002 998 4071 somnosque
1016 3978 1162 4073 petivit,

248 4090 366 4161 Multa
383 4088 505 4163 modis
521 4088 705 4171 simulacra
723 4091 820 4162 videt
838 4094 1027 4165 volitantia
1045 4094 1166 4175 miris:

249 4205 297 4277 Et
315 4205 423 4276 varias
442 4202 541 4274 audit
557 4229 686 4294 voces,
707 4205 902 4301 fruiturque
919 4208 1072 4279 deorum

252 4320 492 4413 Conloquio,
517 4338 624 4414 atque
643 4321 724 4392 imis
742 4320 943 4398 Acheronta
962 4323 1100 4395 adfatur
1115 4312 1272 4401 alvernis.

249 4431 319 4516 Hic
339 4455 373 4506 et
396 4453 476 4506 tum
494 4454 592 4531 pater
612 4436 689 4532 ipse
707 4455 833 4531 petens
853 4463 1021 4534 responsa
1042 4434 1213 4532 LatinuS,

253 4548 410 4641 Centum
430 4553 601 4652 lanigeras
619 4551 800 4637 mactabat
815 4555 878 4642 rite
899 4554 1079 4643 bidentis,
1097 4600 1101 4607 ·
