3750 6217
574 743 918 819 ECLOGA
976 744 1084 815 Ill.
1143 768 1176 813 v.
1233 728 1293 828 7¹0.
1497 767 1543 832 13

797 928 1091 980 Mauricas

241 1050 246 1062 ·
330 1030 447 1138 Quod
465 1029 595 1124 potui,
617 1051 731 1123 puero
753 1026 902 1098 silvestri
922 1050 966 1096 ex
982 1028 1105 1097 arbore
1123 1027 1215 1098 lecta

330 1149 445 1220 Aurea
462 1146 560 1217 mala
578 1143 707 1215 decem
724 1142 808 1214 misi
838 1169 845 1208 :
875 1166 948 1214 cras
968 1144 1073 1213 altera
1092 1143 1247 1214 mittam.

791 1276 1085 1329 Damouras

331 1383 368 1453 O
388 1378 586 1473 quotiens,
608 1391 644 1444 et
663 1398 756 1467 quae
776 1371 885 1445 nobis
906 1371 1054 1445 Galatea
1071 1375 1193 1445 locuta
1214 1375 1287 1445 est!

333 1499 479 1569 Partem
498 1491 677 1585 aliquam,
699 1490 820 1579 venti,
845 1485 969 1560 divdm
990 1489 1143 1561 referatis
1163 1489 1209 1560 ad
1229 1489 1331 1562 auris.

788 1624 1090 1677 MENALcas

337 1721 624 1835 Quidprodest,
648 1721 751 1815 quod
769 1745 830 1793 me
850 1721 923 1816 ipse
943 1723 1067 1793 animo
1088 1747 1167 1794 non
1188 1721 1345 1818 spernis,
1367 1719 1547 1817 Amynta,
1609 1804 1612 1809 ,

335 1844 390 1936 Si,
414 1844 505 1914 dum
525 1858 563 1911 tu
582 1841 722 1912 sectaris
742 1863 871 1932 apros,
893 1863 962 1938 ego
983 1840 1068 1911 retia
1088 1840 1219 1912 servo?

788 1973 1093 2027 DAMoETAs

335 2073 500 2171 Phyllida
519 2073 621 2153 mitte
639 2072 756 2143 mihi:
785 2095 892 2142 meus
913 2090 967 2144 est
984 2073 1132 2161 natalis,
1157 2071 1255 2142 lola:

335 2192 467 2300 Quom
484 2187 613 2260 faciam
632 2188 745 2261 vitula
763 2213 832 2284 pro
851 2185 1038 2289 frugibus,
1063 2188 1141 2282 ipse
1161 2187 1293 2258 venito.

798 2323 1089 2375 MENALcss

335 2422 502 2519 Phyllida
522 2447 607 2493 amo
629 2439 711 2493 ante
729 2421 816 2494 alias
845 2449 853 2488 :
882 2445 971 2492 nam
988 2445 1050 2491 me
1071 2418 1250 2491 discedere
1269 2417 1390 2492 flevitz

335 2540 400 2632 Et,
426 2539 600 2638 Longum
623 2537 783 2612 fomrose
806 2538 908 2626 vale,
929 2538 1033 2627 vale,
1063 2536 1203 2630 inquit,
1226 2535 1315 2606 Iola.

790 2666 1092 2725 Damouras

336 2770 453 2845 Triste
467 2775 582 2866 lupus
601 2773 771 2860 stabulis,
800 2770 950 2842 maturis
969 2769 1131 2869 frugibus
1152 2769 1309 2861 imbres,

338 2885 536 2960 Arboribus
553 2890 673 2978 venti,
700 2886 809 2959 nobis
827 2884 1060 2982 Amaryllidis
1076 2887 1155 2957 irae.

795 3021 1094 3074 MENALCAs

343 3114 461 3188 Dulce
480 3118 563 3189 satis
578 3117 734 3205 humor,
759 3114 920 3210 depulsis
940 3117 1083 3191 arbutus
1101 3118 1246 3207 haedis,

343 3230 461 3305 Lenta
480 3231 569 3304 salix
587 3228 661 3302 feto
679 3231 822 3327 pecori,
842 3230 932 3302 mihi
951 3236 1050 3306 solus
1069 3234 1255 3329 Amyntas.

794 3367 1097 3421 Damouras

342 3464 463 3537 Pollio
482 3482 579 3535 amat
598 3483 780 3554 nostram,
800 3467 965 3558 quamvis
983 3485 1036 3540 est
1055 3468 1200 3557 rustica,
1224 3467 1390 3541 Musam:

341 3580 519 3671 Pierides,
542 3582 694 3653 vitulam
713 3582 838 3654 lectori
858 3584 992 3675 pascite
1011 3601 1139 3655 vestro.

798 3702 1103 3770 usuarcas

341 3812 463 3884 Pollio
483 3830 519 3884 et
538 3814 615 3908 ipse
634 3812 719 3886 facit
737 3838 834 3885 nova
852 3815 1011 3885 carmina
1034 3843 1041 3882 :
1072 3817 1206 3909 pascite
1225 3832 1387 3907 taurum,

338 3928 421 4018 Jam
439 3952 554 4001 comu
569 3946 690 4023 petat,
719 3947 756 4001 et
774 3928 932 4025 pedibus
953 3931 1017 4022 qui
1038 3949 1176 4029 spargat
1193 3958 1357 4024 arenam,

798 4064 1108 4119 nauoETAs

344 4158 422 4265 Qui
438 4179 495 4249 te,
518 4159 660 4251 Pollio,
685 4179 803 4265 amat,
828 4163 970 4251 veniat,
999 4189 1074 4256 quo
1094 4183 1129 4235 te
1148 4191 1298 4260 quoque
1316 4164 1455 4266 gaudet.

345 4275 457 4347 Mella
479 4274 594 4347 fluant
613 4277 691 4367 illi,
715 4276 801 4350 ferat
821 4298 856 4349 et
874 4277 984 4351 rubus
1005 4304 1106 4372 asper
1125 4305 1326 4352 amomum.

799 4414 830 4464 M
846 4414 868 4463 Ε
882 4414 907 4462 u
921 4413 947 4463 Α
963 4415 985 4463 L
999 4418 1019 4464 c
1035 4415 1058 4464 Α
1073 4413 1101 4465 S.
1151 4410 1157 4421 ‘

346 4505 422 4612 Qui
443 4506 593 4579 Bavium
611 4532 689 4581 non
708 4510 809 4600 odit,
832 4529 930 4582 amet
948 4525 1009 4582 tua
1030 4513 1206 4600 carmina,
1229 4512 1367 4587 Maevi:

346 4621 467 4718 Atque
487 4624 587 4698 idem
600 4628 729 4730 jungat
745 4628 898 4722 volpes,
921 4646 957 4702 et
973 4628 1133 4729 mulgeat
1152 4629 1279 4701 hircos.
