3750 6217
411 730 861 822 AENEIDOS
918 732 1036 804 XII.
1094 758 1127 805 v.
1178 755 1268 826 2271
1369 755 1444 827 397

244 898 288 969 In
305 897 443 972 medias
463 897 524 970 dat
541 924 614 978 sese
633 900 747 990 acieS,
771 899 868 969 haud
884 901 999 970 nescia
1016 924 1152 988 rerum,

241 1014 493 1106 Rumoresque
513 1016 593 1086 serit
612 1017 748 1105 varios,
769 1039 811 1084 ac
830 1015 909 1084 talia
930 1015 1040 1085 fatur:

242 1130 330 1206 Non
349 1130 488 1224 pudet,
510 1155 532 1200 ο
553 1129 707 1220 Rutuli,
729 1156 795 1225 pro
814 1130 950 1201 cunctis
970 1129 1101 1200 talibus
1119 1153 1248 1218 unam.

241 1246 430 1342 Objectare
447 1246 606 1328 animam
626 1249 643 1318 Ρ
671 1269 895 1334 numerone,
914 1269 960 1316 an
977 1245 1111 1333 uiribus
1128 1245 1233 1339 aequi

240 1360 329 1438 Non
347 1386 473 1452 sumus
499 1361 516 1432 ἑ)
545 1387 592 1460 εἴη
613 1387 742 1432 omnes
762 1376 797 1431 et
813 1360 951 1451 Troes,
976 1377 1010 1430 et
1029 1359 1203 1450 Arcades,
1226 1359 1263 1432 hi
1282 1379 1386 1452 suut,

240 1476 269 1546 F
271 1479 443 1570 atalisque
461 1499 612 1567 marrus,
636 1476 773 1548 infensa
792 1476 927 1548 Etruria
948 1474 1084 1547 Turno.

242 1591 318 1663 Vix
335 1593 501 1681 hostem,
523 1594 646 1664 alterni
667 1594 696 1664 si
714 1591 1005 1689 congrediamur,
1024 1591 1208 1663 habemus.

239 1707 308 1784 Ille
329 1706 478 1801 quidem
497 1708 542 1779 ad
561 1734 730 1802 superos,
752 1732 910 1801 quorum
930 1732 967 1779 se
986 1707 1139 1780 devovet
1155 1707 1243 1798 aris,

240 1821 412 1917 Succedet
430 1822 546 1918 sarna,
567 1824 741 1917 vivusque
760 1847 902 1917 perora
922 1822 1073 1895 feretur:

241 1939 342 2029 Nos,
362 1939 471 2033 patria
490 1940 640 2030 amissa,
660 1939 822 2012 dominis
840 1964 963 2033 parere¹
979 1938 1141 2035 superbis

241 2054 444 2154 Cogemur,
469 2057 532 2149 qui
551 2080 647 2127 nunc
668 2055 755 2130 lenti
776 2055 1007 2138 consedimus
1024 2057 1122 2140 arvis

240 2170 392 2242 Talibus
412 2170 555 2258 incensa
574 2188 626 2244 est
640 2175 818 2269 juvenum
839 2171 1010 2261 sententia
1030 2171 1135 2244 dictis

235 2287 318 2377 Jam
338 2287 452 2385 magis
471 2303 577 2380 atque
593 2287 728 2384 magis;
748 2287 928 2381 serpitque
946 2311 1010 2379 per
1028 2289 1172 2385 agmina
1190 2313 1371 2380 m'unnur:

242 2402 319 2497 Ipsi
341 2401 532 2490 Laurentes
551 2403 702 2490 mutati,
725 2402 868 2494 ipsique
888 2400 1015 2472 Latini.

240 2517 316 2622 Qui
335 2517 403 2588 sibi
418 2519 495 2615 jam
513 2516 674 2610 requiem
692 2540 854 2613 pugnae,
874 2514 1051 2609 rebusque
1069 2519 1219 2596 salutem

239 2632 451 2727 Sperabant,
478 2657 574 2704 nunc
594 2657 691 2703 arma
709 2633 861 2720 volunt,
881 2629 1084 2727 foedusque
1104 2653 1288 2727 precantur

241 2747 444 2836 Infectum,
465 2770 500 2820 et
520 2749 634 2820 Turni
653 2764 784 2819 sortem
804 2747 1014 2818 miserantur
1031 2747 1204 2841 iniquam.

240 2864 306 2936 His
325 2862 425 2934 aliud
444 2868 560 2960 majus
575 2863 723 2950 Juturna
743 2862 919 2958 adjungit,
940 2879 975 2931 et
995 2864 1067 2934 alto

239 2978 311 3049 Dat
331 2979 475 3075 signum
493 2980 597 3049 coelo
616 3006 624 3056 ;
649 3003 724 3070 quo
745 3001 821 3047 non
842 2977 1060 3070 praesentius
1080 2979 1197 3048 ullum

238 3091 412 3163 Turbavit
430 3115 569 3168 mentes
589 3094 716 3180 Italas,
740 3109 979 3184 monstroque
998 3090 1139 3188 fefellit

238 3207 409 3301 Namque
428 3210 554 3292 volans
573 3208 679 3290 rubra¹
693 3208 814 3280 ful-vus
828 3205 930 3296 Jovis
950 3209 1021 3298 ales
1039 3208 1079 3301 in
1097 3208 1220 3296 aethra,

239 3323 398 3396 Litoreas
418 3324 571 3421 agitabat
588 3349 689 3412 aves,
712 3323 928 3414 turbamque
949 3343 1138 3396 sonantem

238 3438 404 3538 Agminis
424 3440 565 3539 aligeri3
589 3429 713 3524 subito,
729 3463 846 3532 quom
865 3437 985 3510 labsus
1001 3439 1047 3509 ad
1065 3439 1180 3523 undas

239 3554 406 3649 Cycnum
427 3558 663 3627 excellentem
683 3545 840 3650 pedibus
859 3553 951 3647 rapit
970 3541 1146 3649 inprobus
1166 3557 1277 3630 uncis.

237 3670 414 3742 Adrexere
431 3672 572 3744 animos
593 3670 693 3760 Itali,
715 3675 935 3762 cunctaeque
952 3671 1116 3764 volucres

239 3784 461 3858 Convertunt
480 3788 636 3876 clamore
654 3784 797 3885 lugam,
824 3784 989 3874 mirabile
1005 3784 1105 3864 visu;

237 3901 459 3993 Aetheraque
480 3903 669 3986 obscurant
687 3901 841 3996 pennis,
862 3899 1077 3992 hostemque
1095 3924 1159 3992 per
1179 3923 1280 3976 auras

237 4015 343 4087 Facta
362 4014 459 4085 nube
477 4035 647 4108 premunt
669 4043 677 4085 ε
707 4017 825 4091 donec
845 4016 880 4085 vi
899 4016 1035 4104 victus,
1060 4033 1095 4087 et
1114 4015 1196 4108 ipso

239 4130 403 4202 Pondere
419 4128 573 4220 defecit,
598 4131 842 4225 praedamque
859 4155 904 4200 ex
922 4129 1104 4228 unguibus
1122 4132 1195 4212 ales

238 4246 392 4345 Projecit
410 4244 542 4334 fluvio,
561 4245 778 4339 penitusque
796 4246 834 4316 irr
852 4244 979 4316 nubila
994 4245 1095 4346 fugit.

238 4361 340 4434 Tum
360 4386 443 4433 vero
463 4364 651 4460 augurium
669 4360 798 4440 Rutuli
814 4363 971 4442 clamore
989 4364 1164 4456 salutant,

161 4554 165 4562 ,
237 4477 520 4572 Expediuutque
539 4500 697 4548 manus:
727 4476 939 4572 primusque
956 4476 1179 4552 Tolumnius
1200 4503 1330 4577 augur,

238 4592 353 4666 Hocc’
374 4611 462 4684 erat,
484 4594 555 4665 hoc
573 4590 693 4683 rotis,
714 4590 857 4684 inquit,
877 4593 982 4694 quod
999 4618 1106 4696 saepe
1122 4593 1242 4688 petivi.
