3750 6217
711 738 860 824 158
1109 720 1997 807 AENEIDOS
2113 718 2232 806 1'1.
2352 746 2415 807 «τ.-
2524 732 2743 809 688ι

693 900 1028 995 Juppiter
1069 901 1578 995 omnipotens,
1624 902 1956 996 precibus
1994 902 2051 972 si
2088 900 2381 972 flecteris
2414 880 2639 989 ullis,

703 1014 1014 1111 Adspice
1053 1040 1222 1094 nos;
1275 1002 1416 1086 hoc
1455 1034 1739 1087 tanturn
1784 1045 1797 1083 :
1867 1036 1975 1105 et,
2025 1018 2079 1088 si
2116 1017 2379 1123 pietate
2414 1020 2867 1119 mereiriur‚

705 1132 816 1201 Da
854 1131 1116 1201 deinde
1153 1131 1542 1220 auxilium,
1586 1148 1832 1226 pater;
1882 1151 2097 1233 atque
2138 1118 2309 1202 haec
2352 1130 2611 1201 omina
2646 1112 2912 1203 ἤπυε.

817 1246 912 1317 V·
897 1271 968 1315 ix
1005 1272 1084 1317 ea
1125 1244 1308 1317 satus
1349 1264 1490 1319 erat
1527 1246 1760 1318 senior
1807 1262 1821 1315 ἑ
1886 1248 2271 1341 subitoque
2310 1244 2585 1343 fragore

705 1364 1038 1433 Intonuit
1079 1364 1413 1449 laevom,
1461 1383 1530 1433 et
1571 1362 1662 1432 de
1702 1365 1912 1433 coelo
1958 1362 2149 1435 labsa
2190 1386 2319 1457 per
2356 1350 2657 1435 umbras

705 1478 920 1549 Stella
959 1476 1190 1548 facem
1227 1477 1496 1549 ducens
1539 1480 1768 1548 multa
1805 1504 1977 1548 cum
2015 1481 2175 1549 luce
2217 1476 2537 1550 cucurrit.

705 1586 961 1681 Illam,
1005 1616 1288 1665 summa
1332 1618 1546 1687 super
1585 1582 1947 1665 labentem
1985 1578 2301 1664 culmina
2341 1578 2547 1681 tecti,-

705 1698 1084 1779 Cernimus
1123 1708 1334 1779 Idaea
1374 1710 1632 1779 clarar'n
1671 1734 1744 1779 se
1781 1710 2085 1779 condere
2130 1706 2337 1799 silva,

705 1822 1266 1927 Signantemque
1303 1825 1452 1896 vias
1490 1853 1505 1892 ε
1565 1844 1724 1896 tuni
1763 1826 1987 1923 longo
2026 1824 2256 1897 limite
2292 1825 2529 1895 sulcus

701 1936 850 2009 Dat
889 1941 1167 2027 lucem,
1208 1958 1278 2011 et
1317 1941 1456 2009 late
1495 1942 1756 2011 circum
1799 1943 1961 2011 loca
2002 1940 2263 2011 sulfure
2300 1941 2605 2011 fumant.

705 2048 842 2124 Hic
877 2080 1044 2125 vero
1082 2056 1308 2127 victus
1349 2057 1626 2153 genitor
1666 2080 1736 2125 se
1776 2054 1973 2126 tollit
2007 2056 2099 2125 ad
2138 2081 2336 2127 auras
2360 2111 2382 2145 ‚

703 2166 1154 2263 Adfaturque
1192 2170 1405 2259 deos,
1451 2188 1524 2241 et
1567 2184 1889 2241 sanctum
1935 2160 2132 2244 sidus
2172 2172 2461 2243 adorat:

697 2272 862 2373 Jarn
892 2287 1046 2384 jam
1091 2287 1288 2356 nulla
1327 2312 1528 2355 mora
1571 2305 1673 2358 est
1707 2316 1720 2353 :
1759 2304 2064 2380 sequor,
2113 2306 2223 2376 et,
2263 2313 2405 2381 qua
2436 2286 2697 2361 ducitis
2723 2343 2745 2377 ‚
2796 2284 3107 2361 adsum.

703 2400 828 2469 Dii
871 2402 1125 2495 patrii,
1174 2422 1434 2473 servate
1477 2401 1832 2491 domum,
1878 2416 2141 2474 servate
2182 2421 2569 2499 nepotem.

705 2494 1044 2588 Vestrum
1077 2517 1278 2588 hocc'
1321 2518 1743 2615 augurium,
1776 2537 2156 2611 vestroque
2199 2521 2273 2588 in
2310 2518 2609 2589 nurnine
2649 2517 2891 2590 Troia
2936 2538 3069 2593 est.

705 2630 910 2701 Cedo
950 2614 1341 2725 equidem,
1387 2646 1560 2723 nee,
1603 2654 1807 2723 nate,
1851 2634 1985 2705 tibi
2024 2654 2271 2705 comes
2306 2634 2401 2703 ire
2441 2654 2709 2705 recuso·

703 2744 994 2819 Dixerat
1030 2748 1200 2817 ille:
1263 2768 1333 2821 et
1359 2751 1514 2847 jam
1549 2764 1678 2843 p'er
1711 2750 2003 2821 moenia
2044 2751 2294 2820 clarior
2335 2748 2518 2847 ignis

699 2860 1054 2953 Auditur,
1097 2864 1544 2959 propiusque
1585 2884 1817 2937 aestus
1857 2866 2187 2936 incendia
2221 2867 2543 2935 volvunt.

703 2977 888 3078 Ergo
931 3002 1099 3077 age,
1141 3004 1294 3051 care
1329 2992 1572 3075 pater,
1617 2980 1863 3052 cen-ici
1907 2982 2255 3075 inponere
2295 3000 2620 3053 nostrae:

706 3095 872 3190 Ipse
914 3096 1175 3167 subibo
1217 3097 1582 3186 humeris,
1629 3120 1759 3167 nec
1799 3122 1918 3167 me
1958 3096 2162 3167 labor
2197 3098 2326 3167 iste
2364 3084 2722 3195 gravabit.

706 3207 879 3314 Quo
922 3236 1026 3282 res
1067 3220 1383 3303 cumque
1421 3212 1716 3300 cadent,
1758 3238 1989 3283 unum
2032 3230 2102 3283 et
2139 3236 2535 3283 commune
2575 3212 2945 3306 periclum
2970 3252 2995 3307 ς

705 3322 863 3395 Una
905 3327 1092 3396 salus
1129 3324 1490 3397 ambobus
1528 3326 1673 3397 erit.
1752 3312 1934 3395 r'nihi
1972 3348 2230 3420 parvus
2269 3328 2472 3399 Iulus

702 3436 806 3510 Sit
847 3462 1136 3525 comes,
1183 3456 1251 3509 et
1293 3439 1508 3536 longe
1551 3458 1769 3510 servet
1799 3442 2091 3539 vestigia
2132 3446 2473 3541 conjunx,

705 3552 772 3623 V
783 3578 864 3625 os
906 3551 1201 3641 famuli,
1250 3578 1432 3645 quae
1470 3540 1746 3643 dicam,
1793 3554 2055 3627 animis
2092 3558 2427 3631 advertite
2462 3559 2750 3629 vestris:

703 3667 827 3740 Est
869 3664 1044 3738 urbe
1087 3670 1372 3767 egressis
1409 3670 1733 3741 tumulus
1773 3674 2287 3767 templumque
2328 3692 2691 3746 vetustum

703 3783 1032 3857 Desertae
1071 3782 1371 3873 Cereri5‚
1404 3786 1752 3882 juxtaque
1793 3787 2086 3879 antiqua
2128 3814 2538 3883 cupressus5
