3750 6217
371 875 428 954 ῃ
634 852 980 947 rcrooa
1038 856 1119 932 rx.
1178 838 1211 931 ν’.
1260 880 1327 956 49.

372 1024 529 1104 Duceret
545 1024 680 1124 apricis·
697 1023 735 1093 in
755 1023 912 1103 collibus
931 1049 1001 1095 uva
1018 1026 1193 1107 colorem.

371 1144 518 1229 Insere,
542 1139 710 1233 Daphni,
733 1139 832 1233 piros
855 1168 862 1209 :
893 1153 1040 1235 carpent
1058 1154 1119 1213 tua
1137 1166 1252 1238 poma
1270 1161 1433 1237 nepotes.

431 1244 568 1351 Omnia
590 1254 656 1348 fert¹
676 1273 790 1345 aetas,
815 1257 982 1327 animum
1004 1281 1167 1351 quoque
1207 1284 1312 1353 saepe
1336 1284 1405 1359 ego
1426 1257 1578 1359 longos'

374 1370 566 1446 Cantando
586 1394 742 1463 puerum
761 1373 915 1446 memini
937 1397 1000 1446 me
1022 1373 1178 1458 condere
1199 1377 1304 1446 soles.

372 1488 483 1560 Nunc
499 1486 612 1557 oblita
632 1486 724 1555 mihi
739 1503 795 1557 tot
814 1489 983 1569 carmina.
1019 1513 1094 1586 vore
1110 1513 1262 1585 quoque
1284 1489 1431 1564 Moerin

369 1603 454 1693 Jarn
479 1600 570 1698 fugit
592 1600 668 1694 ipsa
693 1630 702 1671 z
731 1602 809 1697 lupi
831 1602 974 1674 Moerin
995 1604 1116 1677 videre
1138 1606 1285 1696 priores.

373 1718 445 1797 Sed
459 1737 581 1795 tamen
601 1719 668 1790 ista
685 1718 769 1790 satis
785 1716 908 1803 referet
927 1717 995 1790 tibi
1016 1742 1119 1812 saepe
1139 1716 1329 1794 Menalcae

855 1850 1102 1921 erclen&

374 1948 586 2036 Caussando
604 1967 747 2027 nostros
767 1948 806 2019 in
825 1948 980 2046 longum
1001 1947 1101 2018 ducis
1120 1970 1271 2023 amorea

373 2066 422 2139 Et
438 2089 535 2136 nunc
557 2090 669 2137 omne
687 2064 754 2136 tibi
775 2082 922 2143 stratum
944 2063 1024 2135 silet
1040 2086 1176 2156 aequor
1196 2093 1203 2134 :
1233 2084 1269 2136 et
1288 2090 1438 2159 omnes,

373 2180 557 2275 Adspice,
583 2178 725 2252 ventosi
745 2178 950 2254 ceciderunt
967 2178 1160 2279 murmuris
1178 2206 1291 2255 aurae.

374 2298 473 2385 Hinc
492 2296 584 2393 adeo
605 2294 726 2387 media¹
747 2310 800 2365 est
821 2292 930 2366 nobis
948 2294 1005 2364 via
1026 2320 1035 2361 r
1064 2318 1224 2388 namque
1245 2299 1449 2393 sepulcrum

372 2412 510 2506 Incipit
530 2409 696 2504 adparere
714 2407 885 2485 Bianoris.
923 2404 1004 2496 hic,
1029 2408 1094 2481 ubi
1115 2409 1243 2483 densas

374 2527 562 2625 Agricolae
581 2510 759 2622 stringunt
777 2522 946 2615 frondes,
970 2519 1052 2615 hic,
1075 2524 1212 2614 Moeri,
1235 2552 1425 2602 canamus:

374 2637 446 2720 Hic
465 2640 600 2712 haedos
615 2639 773 2734 depone.
808 2659 931 2714 tamen
947 2642 1136 2712 veniemus
1154 2641 1193 2711 in
1212 2644 1349 2728 urbem.

374 2758 475 2847 Aut,
499 2757 553 2846 si,
577 2780 654 2830 nox
674 2755 838 2851 pluviam
858 2778 904 2826 ne
922 2757 1069 2856 colligat
1087 2775 1192 2845 aute,
1213 2784 1396 2853 veremur,
1490 2851 1494 2858 μ

375 2873 572 2964 Cantantes
589 2872 673 2949 licet
690 2895 806 2964 usque
830 2871 974 2965 (minus
992 2873 1049 2944 via
1068 2871 1204 2967 laedat)
1226 2900 1360 2948 eamus.

376 2972 574 3088 Cantantes
588 3005 628 3080 ut
644 3011 788 3076 eamus,
809 3011 876 3086 ego
894 2989 966 3059 hoc
985 3005 1021 3060 te
1038 2986 1131 3058 fasce
1153 2989 1292 3062 levabo.

867 3122 1093 3196 uouere

373 3217 510 3292 Desine
528 3222 655 3315 plura,
675 3244 793 3313 puer:
824 3236 880 3307 et,
906 3220 1009 3313 quod
1030 3244 1127 3290 nuuc
1149 3221 1276 3308 instat,
1300 3246 1456 3320 agamus.

374 3335 638 3442 {luminatum
656 3335 809 3434 melius,
830 3359 952 3443 quom
968 3336 1102 3439 venerit
1124 3337 1221 3429 ipse,
1242 3360 1422 3422 canemus.
