3750 6217
715 756 811 829 62
1016 740 2061 830 GEORGICON
2179 752 2308 825 ΙΙ.
2428 768 2496 826 v.
2600 748 2777 826 160.

587 937 598 954 ⁸
705 918 824 994 An
859 947 1260 993 memorem
1301 940 1550 1015 portus
1574 976 1593 1011 ‚
1641 916 2103 1013 Lucrinoque
2142 919 2381 994 addita
2422 922 2753 993 claustraz

706 1037 948 1129 Atque
981 1038 1430 1135 indignatum
1466 1037 1745 1135 magnis
1782 1035 2198 1107 stridoribus
2237 1050 2507 1132 aequor
2532 1091 2556 1126 ,

698 1152 891 1243 julia
928 1179 1069 1246 qua
1104 1172 1346 1248 ponto
1380 1155 1596 1252 longe
1636 1170 1841 1224 sonat
1879 1138 2072 1222 unda
2105 1148 2383 1244 refu50,

707 1272 1258 1365 Tyrrhenusque
1299 1267 1488 1341 fretis
1522 1268 1906 1339 inmittitur
1943 1285 2173 1338 aestus
2207 1264 2505 1341 Avernis
2527 1269 2563 1338 i>

707 1388 903 1459 Haec
943 1386 1191 1456 eadem
1233 1385 1494 1484 argenti
1537 1385 1765 1473 τίνος,
1809 1384 2127 1476 aerisque
2161 1386 2452 1456 metalla

707 1502 1051 1575 Ostendit
1085 1502 1286 1572 venis
1315 1555 1337 1589 ‚
1383 1518 1598 1595 atque
1636 1524 1805 1570 auro
1843 1498 2158 1593 plurima
2198 1498 2425 1572 fluxit.

707 1618 905 1691 Haec
939 1640 1161 1716 genus
1201 1638 1352 1687 acre
1388 1617 1662 1704 virum,
1707 1612 2021 1702 MarSOS,
2062 1614 2484 1709 pubemque
2521 1612 2918 1705 Sabellam,

633 1796 642 1803 .
706 1733 1254 1825 Adsuetumque
1284 1733 1481 1802 malo
1521 1730 1854 1829 Ligurem
1881 1784 1902 1819 ,
1946 1727 2406 1825 Volscosque
2436 1749 2718 1802 verutos

706 1829 984 1923 Extulit
1029 1876 1048 1912 ·.
1102 1848 1272 1918 haec
1310 1846 1614 1937 Decios,
1664 1846 1974 1936 Marios,
2026 1871 2476 1945 magnosque
2524 1844 2924 1917 Camillosz

706 1956 1069 2059 Scipiadas
1108 1963 1325 2034 duros
1361 1948 1559 2034 bello
1600 1990 1614 2030 ε
1673 1981 1745 2034 et
1777 1980 1890 2051 te,
1932 1974 2272 2035 maxume
2314 1962 2598 2051 Caesar,

687 2080 864 2187 ,Qui
901 2103 1095 2150 nunc
1119 2133 1139 2168 ,
1185 2080 1516 2180 extremis
1554 2077 1762 2151 Asiae
1791 2072 1944 2176 jam
1980 2079 2208 2150 victor
2248 2080 2324 2148 in
2362 2080 2543 2168 oris,

707 2196 1068 2268 Inbellem
1103 2195 1350 2266 avertis
1389 2190 1738 2266 Romanis
1777 2194 2052 2266 arcibus
2092 2194 2383 2266 Indum.

707 2310 910 2384 Salve
934 2365 954 2399 ,
998 2335 1256 2407 magna
1295 2334 1549 2404 parens
1583 2310 1866 2409 frugum
1894 2365 1916 2399 ,
1961 2308 2279 2382 Saturnia
2319 2313 2568 2389 tellusz

704 2427 970 2525 Magna
1005 2427 1240 2496 virum
1285 2455 1299 2493 :
1357 2425 1493 2496 tibi
1532 2450 1638 2497 res
1676 2427 2010 2519 antiquae
2049 2426 2279 2498 laudis
2319 2444 2389 2498 et
2428 2424 2592 2500 artis

705 2541 1079 2640 Ingredior
1107 2596 1129 2630 ,
1175 2558 1455 2614 sanctos
1493 2564 1702 2613 ausus
1739 2540 2095 2612 recludere
2134 2541 2355 2615 fontis
2382 2597 2403 2632 ,

705 2656 1233 2751 Ascraeumque
1272 2681 1452 2728 cano
1495 2654 1822 2728 Romana
1865 2682 1990 2750 per
2029 2658 2303 2753 oppida
2340 2678 2643 2730 carmen.

819 2774 1034 2844 Nunc
1068 2774 1271 2845 locus
1304 2798 1631 2844 arvorum
1671 2768 1975 2870 ingeniis
2006 2800 2020 2841 :
2084 2798 2266 2868 quae
2304 2773 2562 2845 robora
2599 2758 2893 2868 cuique,

704 2888 895 2994 Quis
931 2890 1174 2978 color,
1224 2906 1297 2960 et
1330 2913 1515 2983 quae
1551 2889 1639 2961 sit
1676 2873 1886 2960 rebus
1919 2900 2163 2961 natura
2201 2886 2526 2962 ferendis.

703 3004 1048 3076 Difficiles
1084 3005 1404 3098 primum
1435 3020 1648 3077 terrae
1672 3059 1692 3094 ,
1736 3005 2102 3099 collesque
2140 3005 2487 3103 maligni,

703 3120 979 3193 Tenuis
1016 3120 1143 3191 ubi
1176 3120 1455 3219 argilla,
1500 3139 1571 3193 et
1609 3121 1937 3194 dumosis
1976 3123 2285 3194 calculus
2324 3121 2502 3194 arvis
2529 3170 2555 3214 ,

704 3235 1019 3307 Palladia
1058 3237 1368 3333 gaudent
1407 3226 1580 3308 silita
1616 3236 1877 3310 vivacis
1917 3237 2165 3308 olivae.

703 3349 988 3421 Indicio
1032 3369 1169 3438 est,
1220 3369 1443 3422 tractu
1483 3377 1767 3451 surgens
1805 3354 2102 3424 oleaster
2133 3353 2398 3426 eodem

703 3465 1102 3553 PlurimuS,
1149 3483 1220 3536 et
1259 3466 1446 3537 strati
1485 3465 1680 3539 bacis
1719 3466 2152 3540 silvestribus
2191 3470 2353 3569 agri.

700 3580 800 3652 At
837 3605 1019 3674 quae
1058 3580 1348 3678 pinguis
1383 3581 1645 3655 humus
1670 3637 1691 3673 ‚
1731 3582 2073 3676 dulcique
2114 3585 2385 3684 uligine
2422 3582 2598 3658 laeta
2624 3636 2646 3675 ,

700 3694 999 3800 Quique
1033 3692 1367 3789 frequens
1403 3697 1639 3770 herbis
1673 3714 1744 3769 et
1777 3698 2024 3771 fertilis
2062 3698 2277 3772 ubere
2313 3726 2609 3797 campus
2629 3750 2651 3790 ,

700 3809 1014 3915 Qualem
1057 3836 1266 3907 saepe
1307 3836 1471 3884 cava
1508 3814 1779 3885 montis
1822 3816 2148 3887 convalle
2190 3818 2507 3890 solemus
