3750 6217
407 699 1247 809 oaoao1cour.e2m
1380 724 1432 796 w

224 862 389 968 Frigidus
410 868 603 966 agricolam
625 867 654 939 si
673 865 821 960 quando
843 866 1005 939 continet
1028 865 1164 956 imber,
1259 850 1263 856 ¹

225 983 371 1071 Multa,
402 981 520 1053 forent
541 1006 632 1076 quae
651 1004 742 1052 mox
760 984 864 1054 coelo
881 980 1107 1077 properanda
1126 1006 1270 1075 sereno,

225 1097 402 1170 Maturare
420 1097 532 1169 datur.
578 1097 710 1167 durum
727 1095 896 1192 procudit
914 1115 1029 1169 arator

224 1211 397 1286 Vomeris
422 1211 569 1283 obtunsi
594 1211 768 1282 dentem:
799 1229 897 1283 cavat
919 1211 1042 1282 arbore
1066 1212 1207 1286 lintres:
1255 1308 1258 1313 1

224 1325 299 1400 Aut
321 1327 445 1423 pecori
471 1326 645 1424 signum,
677 1342 739 1396 aut
760 1349 932 1397 numeros
958 1326 1122 1420 inpressit
1146 1329 1285 1404 acervis.

226 1443 417 1515 Exacuunt
436 1440 497 1511 alii
516 1442 647 1529 vallos,
670 1438 859 1534 furcasque
875 1440 1050 1528 bicornis,

223 1555 345 1651 Atque
368 1555 536 1626 Amerina
561 1573 686 1650 parant
709 1556 827 1627 lentae
847 1556 1039 1627 retinacula
1066 1555 1139 1627 viti.

224 1671 333 1743 Nunc
355 1670 468 1743 facilis
488 1670 595 1741 rubea
615 1687 751 1743 texatur
770 1669 892 1741 fiscina
910 1671 1027 1769 virga:

225 1785 332 1857 Nunc
351 1803 479 1859 torrete
497 1785 571 1884 igni
592 1784 731 1883 fruges,
755 1809 853 1855 nunc
873 1784 1022 1883 frangite
1044 1807 1139 1856 saxo.

224 1900 377 2006 Quippe
400 1901 509 1971 etiam
533 1899 630 1972 festis
650 1901 829 1993 quaedam
857 1924 1014 1971 exercere
1036 1899 1163 1974 diebus

223 2016 253 2088 F
254 2041 291 2088 as
311 2036 346 2087 et
359 2019 439 2115 jura
465 2017 596 2088 sinunt
638 2015 732 2086 rivos
752 2014 928 2085 deducere
946 2015 1047 2084 nulla

224 2129 366 2229 Religio
389 2131 528 2219 vetuit,
554 2130 665 2229 segeti
684 2130 911 2223 praetendere
931 2153 1076 2223 sepem,

224 2247 378 2318 Insidias
398 2246 523 2317 avibus
542 2245 690 2334 moliri,
716 2245 903 2317 incendere
921 2269 1071 2340 vepres,

223 2360 487 2454 Balantumque
508 2384 648 2458 gregem
673 2358 785 2432 fluvio
806 2383 957 2432 mersare
980 2359 1121 2430 salubri.

223 2474 336 2572 Saepe
360 2478 443 2549 oleo
467 2475 558 2547 tardi
582 2494 697 2547 costas
718 2476 868 2575 agitator
891 2475 1016 2564 aselli,

223 2589 372 2664 Vilibus
398 2610 459 2664 aut
485 2607 607 2663 onerat
626 2593 775 2685 pomis:
805 2591 1040 2686 lapidemque
1060 2610 1234 2664 revertens

223 2705 422 2795 Incusum,
451 2727 512 2780 aut
533 2726 625 2778 atrae
646 2731 802 2780 massam
821 2706 912 2801 picis
930 2705 1019 2776 urbe
1040 2724 1205 2801 reportat.

282 2820 368 2914 Ipsa
394 2821 471 2893 dies
494 2823 585 2893 alios
613 2821 684 2891 alio
711 2819 812 2892 dedit
838 2819 963 2891 ordine
986 2821 1072 2889 luna

224 2934 254 3006 F
256 2935 361 3007 elices
384 2960 546 3030 operum.
587 2936 753 3028 quintam
772 2932 885 3031 fuge:
914 2931 1073 3028 pallidus
1095 2932 1234 3021 Orcus,

225 3048 524 3141 Eumenidesque
551 3066 654 3119 satae.
683 3065 764 3118 tum
786 3065 890 3142 partu
914 3047 1023 3117 Terra
1046 3043 1204 3117 nefando

116 3206 119 3210 -
226 3162 446 3255 Coeumque
466 3163 706 3257 Iapetumque
725 3179 843 3250 creat,
871 3184 1091 3254 saevomque
1110 3160 1312 3256 Typhoea,

224 3277 272 3349 Et
293 3278 496 3375 conjuratos
516 3277 661 3347 coelum
680 3276 874 3349 rescindere
892 3274 1020 3348 fratres.

225 3392 298 3464 Ter
317 3409 401 3464 sunt
420 3393 539 3464 conati
560 3393 735 3487 inponere
756 3391 858 3463 Pelio
879 3392 1012 3464 Ossam

224 3505 387 3597 Scilicet,
409 3526 517 3607 atque
541 3507 654 3580 Ossae
676 3506 893 3578 frondosum
911 3507 1093 3578 involvere
1113 3505 1346 3604 Olympum:

222 3623 295 3695 Ter
313 3622 413 3694 Pater
432 3641 628 3696 exstructos
650 3621 788 3722 disjecit
812 3619 967 3694 fulmine
987 3623 1134 3696 montis.

222 3735 395 3831 Septuma
414 3731 499 3833 post
516 3738 708 3809 decumam
731 3736 842 3829 felix,
867 3755 903 3810 et
923 3760 1059 3834 ponere
1079 3737 1217 3830 vitem,

222 3852 270 3924 Et
288 3877 437 3947 prensos
457 3851 633 3924 domitare
653 3852 793 3942 boves,
817 3870 853 3924 et
876 3853 958 3924 licia
978 3853 1069 3923 telae
1183 3876 1186 3881 ·

223 3965 374 4038 Addere.
411 3991 511 4038 nona
529 3965 633 4065 fugae
652 3969 805 4056 melior,
828 3968 1001 4039 contraria
1025 3964 1137 4039 furtis

279 4081 398 4154 Multa
416 4081 507 4153 adeo
526 4081 642 4180 gelida
663 4083 795 4154 melius
815 4107 851 4154 se
870 4101 978 4154 nocte
1003 4081 1151 4174 dedere,

223 4194 298 4268 Aut
318 4221 435 4291 quom
458 4199 535 4270 sole
557 4220 656 4269 novo
682 4217 787 4270 terras
808 4198 941 4268 inrorat
960 4197 1068 4270 Eous.

224 4310 341 4384 Nocte
359 4314 453 4386 leves
472 4313 605 4384 melius
623 4313 801 4407 stipulae,
828 4330 936 4384 nocte
957 4313 1053 4384 arida
1070 4333 1168 4409 prata

222 4424 465 4501 Tondentur:
494 4447 620 4501 noctes
642 4428 760 4501 lentus
778 4453 856 4500 non
881 4427 1003 4500 delicit
1021 4429 1163 4502 humor

221 4540 270 4615 Et
291 4544 441 4637 quidam
461 4568 557 4620 seros
576 4544 715 4619 hiberni
736 4544 783 4617 ad
802 4544 952 4617 luminis
970 4545 1070 4648 ignes

1134 4658 1170 4729 G
1262 4758 1269 4778 r
