3750 6217
390 776 467 864 an
573 732 1028 826 annianus
1083 734 1165 818 rr.
1222 749 1256 816 r,
1305 733 1398 819 aaa

388 911 503 1009 Nate,
525 931 606 996 tua:
628 926 663 987 'et
681 917 785 988 notas
803 898 924 985 audire
943 909 978 984 e't
997 908 1141 982 reddere
1159 912 1297 983 voces?

389 1036 446 1107 Sic
468 1034 641 1129 equidem
662 1022 839 1102 ducebam
857 1029 1006 1117 animo,
1028 1026 1201 1121 rebarque
1218 1026 1400 1114 futurum,

390 1152 574 1244 Tempora
594 1148 825 1218 dinumerans
846 1172 853 1212 z
883 1168 949 1216 nec
967 1157 1027 1214 me
1046 1149 1128 1214 mea
1147 1168 1228 1214 cura
1247 1140 1384 1215 fefellit.

388 1252 492 1371 Quas
512 1279 579 1360 eg'o
598 1274 632 1333 le
651 1281 772 1351 tenas,
791 1280 826 1333 et
845 1275 979 1353 'quanta
1001 1281 1064 1353 per
1081 1272 1235 1353 aequora
1252 1269 1397 1330 vetrum

391 1379 549 1473 Adcipio
576 1374 585 1448 l
614 1378 759 1471 quantis
773 1379 966 1475 jactatum,
990 1393 1089 1461 nate,
1113 1373 1280 1469 periclis!

392 1496 519 1599 Quam
537 1492 676 1582 metui,
695 1513 742 1564 ne
761 1490 852 1586 quid
873 1490 1008 1583 Libyae
1028 1484 1094 1561 tibi
1115 1515 1219 1587 regna
1241 1481 1433 1564 nocerent!

394 1610 463 1681 Ille
481 1615 603 1679 autem
627 1636 635 1677 ι
664 1605 746 1678 Tua
764 1611 847 1695 me,
870 1607 1031 1704 genitor,
1051 1608 1112 1676 t'ua
1132 1606 1239 1677 tristis
1257 1606 1397 1706 image,

393 1724 541 1819 Saepius
560 1742 763 1811 occurrens,
788 1711 875 1792 haec
895 1722 1022 1791 limina
1041 1722 1186 1793 tendere
1207 1721 1335 1818 adegit.

395 1840 496 1911 Stant
515 1841 586 1911 sale
606 1838 791 1932 Tyrrheno
810 1839 937 1909 classes
958 1864 966 1905 r
996 1837 1041 1907 da
1056 1840 1204 1936 jungere
1222 1836 1403 1926 dextram,
1494 1913 1499 1924 ¹
1543 1881 1548 1890 ·

397 1955 473 2045 Da,
496 1957 659 2052 genitorr
679 1967 787 2047 teque
806 1954 978 2047 amplexu
995 1963 1041 2025 ite
1062 1953 1225 2026 subtrahe
1246 1964 1379 2024 nostro.

397 2070 455 2141 Sic
472 2077 679 2168 memorans
698 2070 795 2167 largo
814 2068 900 2142 lletu
919 2069 1028 2139 simul
1048 2090 1106 2139 ura
1127 2054 1269 2164 'rigabatr

330 2191 334 2196 '
398 2173 471 2256 Ter
489 2203 639 2256 conatus
660 2183 710 2253 ibi
732 2185 829 2255 collo
849 2183 931 2252 dare
951 2179 1091 2255 brachia
1110 2185 1266 2255 circum:

399 2299 471 2370 Ter
487 2300 609 2372 frustra
630 2316 828 2393 conprensa
848 2308 977 2370 manus
995 2300 1116 2398 effugit
1137 2299 1280 2397 imago,

399 2406 466 2486 Par
483 2415 622 2486 levibus
638 2415 773 2503 ventis,
793 2413 1003 2507 volucrique
1023 2400 1207 2488 simillima
1228 2424 1371 2487 son'rno'.

458 2531 595 2601 l'n'terea
613 2529 711 2601 ridet
730 2513 865 2602 Aeneas
885 2530 923 2598 i'n
942 2532 1035 2601 valle
1054 2532 1197 2602 reducta

401 2644 588 2718 Seclusum
607 2669 759 2735 nemus,
782 2648 817 2718 et
835 2646 984 2742 'virgulta
1005 2647 1169 2718 sonantia
1189 2646 1309 2734 silvis,

402 2758 692 2855 Lethaeumque,
715 2761 849 2834 domos
868 2761 1028 2857 plaeidas
1049 2763 1113 2857 q'ui
1132 2760 1335 2857 praenatat,
1353 2764 1511 2832 amnem.

402 2876 511 2948 Hunc
531 2877 662 2981 circum
682 2876 889 2948 innumerae
909 2896 1053 2974 gentes,
1072 2878 1278 2971 populique
1294 2868 1493 2948 volabant:

402 2984 456 3064 Ac
476 2993 588 3064 veluti
604 2992 642 3062 in
662 2993 790 3087 pratia,
814 2985 878 3063 ubi
897 3013 984 3086 aper
1003 2995 1131 3066 aestate
1152 3005 1271 3064 serena

403 3105 569 3179 Floribus
587 3107 748 3179 insidunt
767 3109 886 3196 variis,
904 3099 942 3178 'et
959 3097 1110 3180 candida
1130 3110 1263 3178 cirrum

405 3221 496 3291 Lilia
515 3222 714 3292 funduntur
735 3247 749 3318 :¹
773 3209 1033 3316 strepitomnis
1051 3249 1232 3295 murmure
1253 3209 1410 3318 campus.-

406 3334 585 3407 Horrescit
600 3335 680 3406 visu
701 3321 844 3427 subito,
869 3362 1079 3431 caussasque
1098 3340 1243 3432 requirit

408 3450 545 3520 luscius
563 3449 721 3538 Aeneas,
742 3469 835 3545 quae
856 3454 926 3523 sint
944 3474 983 3523 ea
1004 3453 1156 3524 flumina
1176 3472 1306 3548 portu,

407 3563 527 3668 Quive
547 3566 610 3634 rlrl
627 3582 727 3637 tanto
747 3567 948 3661 conplerlnt
965 3548 1107 3665 agmine
1126 3570 1227 3664 ripas.
1280 3582 1284 3590 ‘

408 3681 508 3750 Tum
528 3700 628 3776 pater
639 3676 816 3784 Anchises
841 3712 849 3749 :
879 3682 1049 3773 Animae,
1072 3684 1203 3778 quibus
1224 3688 1329 3755 altera
1346 3669 1422 3757 fato

408 3795 568 3891 Corpora
587 3795 782 3885 debentur,
809 3797 952 3880 Lethaei
971 3799 1016 3868 nd
1033 3799 1193 3871 lluminis
1212 3801 1348 3870 undam

409 3911 555 3986 Securos
571 3915 691 4022 latices
712 3932 746 3983 et
765 3915 872 4016 longa
893 3914 1025 3984 obliria
1045 3921 1182 4009 potant.

410 4026 484 4096 Has
504 4029 673 4120 equidem
692 4037 890 4099 memorare
909 4031 974 4101 tibi
997 4043 1104 4126 atqu'e
1126 4031 1310 4103 ostendere
1328 4037 1449 4104 eoram

405 4140 651 4234 Jamprldern,
674 4168 713 4213 ac
733 4145 875 4236 prolem
895 4146 1004 4238 cupio
1021 4164 1223 4217 enumerare
1241 4162 1412 4218 tuorum:
1509 4143 1513 4153 ’

410 4254 498 4360 Quo
516 4257 630 4354 magis
649 4254 750 4328 ltalia
771 4284 914 4329 mecum
933 4263 1057 4333 laetere
1076 4282 1222 4355 reperta.-

410 4372 446 4440 0
467 4390 586 4463 pater,
609 4385 700 4444 anne
719 4374 855 4476 aliquas
876 4376 920 4445 ad
942 4380 1085 4446 coelum
1106 4379 1189 4449 hinc
1210 4378 1258 4448 ire
1277 4378 1482 4472 putandum
1503 4397 1558 4450 est

408 4470 579 4558 Sublimis
597 4490 750 4576 animas,
775 4490 975 4584 iterumque
994 4493 1030 4561 in
1049 4493 1145 4564 tarda
1163 4494 1284 4564 reverti

410 4599 571 4697 Corpora
598 4604 614 4674 ?
644 4629 739 4699 quae
759 4606 847 4680 lueis
864 4607 1001 4682 miseris
1018 4622 1092 4681 tam
1113 4611 1187 4680 dira
1206 4610 1373 4704 cupido?

117 5153 458 5615 η
