3750 6217
328 724 375 783 Vi

330 911 354 947 ιι
366 874 447 944 rilu's
462 873 495 944 in
515 865 571 942 ius
589 863 647 941 vel
661 864 758 962 ium,
776 890 899 973 temper
912 864 1069 966 geuittiros
1085 887 1177 942 corus
1195 862 1208 941 i
1225 860 1365 972 simplici
1378 862 1547 949 eritrllissc:

333 1012 538 1085 enumquam
550 981 685 1057 Auxilii
704 1041 714 1076 ,
739 988 921 1077 Consilii,
940 985 1111 1082 Imperii,
1128 986 1297 1086 Negotiie
1322 988 1381 1058 sed
1397 986 1544 1075 Auxiu,

332 1137 357 1177 o
368 1102 523 1192 Consili,
532 1102 681 1197 Imperi,
694 1102 838 1202 Negoti.
850 1143 873 1175 n
889 1105 946 1176 Sic
958 1105 990 1173 in
1008 1103 1133 1196 Virgilio
1146 1102 1234 1197 legas
1242 1098 1379 1192 Pecoli,
1388 1092 1541 1201 Tuguri,

331 1218 475 1309 Patavi,
489 1217 635 1307 Lavini,
649 1217 826 1310 Mezenti,
843 1209 1003 1315 Capitoli
1017 1246 1025 1286 ε
1039 1244 1096 1289 nec
1109 1241 1239 1316 usquam
1256 1222 1392 1318 reperior
1409 1221 1543 1291 alterum
1640 1291 1654 1307 ,

330 1333 550 1409 recentioribus
560 1335 761 1435 scriptoribus
777 1338 925 1408 usitatam
934 1329 1089 1432 sannam.
1120 1334 1210 1406 Narn
1222 1332 1396 1407 Memmii
1417 1337 1544 1407 indere.

330 1448 380 1523 V.
399 1468 487 1533 117.
500 1451 709 1522 nominativus
729 1466 775 1522 est
786 1451 931 1551 pluralis.
962 1448 1045 1522 lude
1065 1470 1151 1522 certo
1169 1453 1365 1523 conclusione
1383 1451 1548 1547 conjicitur

334 1566 451 1642 omale
462 1560 586 1660 feriato
601 1586 632 1637 et
650 1568 790 1666 imperito
808 1567 929 1637 lrornine
950 1562 1252 1662 inculcatamsuisse
1267 1568 1299 1636 in
1314 1561 1426 1638 vivido
1444 1565 1551 1643 Turni

333 1683 470 1754 oratione
495 1670 649 1752 Aeneidos
677 1674 743 1758 le
769 1701 894 1754 versum
923 1693 1029 1768 151,
1065 1675 1121 1776 qui
1144 1706 1205 1750 non
1231 1681 1333 1751 solum
1359 1679 1546 1774 loquentis

333 1794 449 1867 Tumi
473 1816 670 1868 remoratur
690 1795 894 1890 impetum,
916 1796 1001 1893 quod
1026 1795 1099 1866 HE
1106 1793 1224 1866 YNIO
1249 1820 1323 1867 uere
1348 1794 1547 1868 observarant

322 1909 419 2011 faits
446 1914 504 1983 secl
525 1914 619 1983 etiarn
641 1915 808 1983 commenti
828 1904 983 1983 mentione
1005 1911 1210 2009 importuno,
1234 1914 1325 2011 cujas
1354 1928 1420 1980 tum
1445 1913 1549 1982 simile

332 2024 412 2101 niter
432 2045 560 2129 poterat
594 2047 658 2101 este
687 2030 786 2117 usui,
817 2029 914 2128 plone
945 2020 1108 2099 insubidas
1140 2045 1194 2096 est.
1246 2028 1287 2099 In
1316 2029 1432 2097 austris
1465 2029 1547 2097 enim

341 2144 552 2244 Trojonomm
571 2169 628 2215 nec
644 2167 705 2214 arx
724 2155 794 2214 erat
806 2166 967 2232 summa,
986 2168 1044 2213 nec
1060 2142 1274 2213 Palladium,
1310 2142 1440 2215 Versum
1457 2142 1548 2215 alle·

333 2275 424 2332 uerat
438 2260 577 2353 margini
592 2259 737 2330 lilrarius
757 2286 771 2329 e
791 2261 887 2331 Libro
901 2260 955 2331 ΙΙ.
1535 2308 1555 2350 ,,

508 2381 712 2458 Palladium
734 2389 844 2459 caesis
865 2411 1027 2459 summae
1045 2386 1256 2459 custodibus
1276 2379 1373 2461 arcies

333 2535 427 2614 quem
451 2510 631 2615 imprudens
663 2517 744 2586 alius
766 2517 942 2647 postmodo
965 2518 997 2585 in
1032 2514 1147 2585 seriem
1180 2511 1320 2606 intulit,
1351 2526 1472 2586 mutato
1506 2510 1552 2585 cd

336 2632 572 2702 constructionis
599 2628 698 2725 legem
718 2632 845 2730 primae
870 2633 956 2704 vocis
985 2657 1070 2701 casu
1122 2634 1191 2703 Sed
1219 2632 1352 2732 liujus
1338 2634 1435 2730 ipsius
1463 2622 1549 2702 vocis

326 2743 440 2844 formo
462 2746 596 2818 ostendit
618 2769 743 2819 versum
770 2748 913 2845 spurium
939 2771 1013 2816 esse.
1059 2746 1149 2816 Nam
1179 2745 1331 2818 Palladii
1363 2772 1385 2816 o
1421 2739 1551 2840 Virgilio
1669 2824 1674 2830 ,

336 2886 402 2933 esse
416 2887 476 2933 non
485 2878 604 2961 potest:
621 2863 775 2933 sinceram
784 2858 929 2960 somnam
938 2860 1075 2932 Palladi
1089 2864 1225 2997 ,pedem
1238 2888 1347 2962 nempe
1370 2861 1547 2952 Creticum,

335 2980 431 3049 metri
445 2972 498 3050 lex
513 2977 637 3078 respuit
668 2978 805 3049 Proinde
829 2996 910 3050 totus
928 2976 980 3048 ille
999 3004 1108 3050 uersus
1128 2982 1198 3081 ejici
1193 2978 1333 3050 deluit

392 3166 489 3247 Haec
510 3168 683 3247 observatio
698 3159 834 3274 procliui
855 3202 906 3247 me
926 3177 1055 3247 deducit
1078 3174 1122 3245 ad
1151 3177 1261 3247 tertiae
1282 3175 1364 3246 dotis
1393 3194 1551 3247 commen»

335 3284 512 3378 clationem,
534 3316 597 3385 qao
616 3289 697 3359 tanc
718 3293 884 3360 editionem
903 3292 1073 3388 adprobari
1091 3291 1195 3359 velim
1235 3283 1401 3359 Inuidiosa
1423 3290 1550 3384 quidem

336 3423 387 3477 tes
412 3422 457 3474 est
473 3428 599 3497 ,eoque
619 3406 723 3494 magis
747 3402 925 3499 defensione
946 3423 1038 3495 eget,
1064 3426 1123 3495 quo
1139 3403 1284 3500 plurium
1294 3396 1387 3497 fhrre
1411 3402 1549 3472 solicito

336 3514 422 3592 litur
441 3512 617 3589 calumniis
664 3518 750 3587 Sunt
775 3520 858 3586 enim
889 3516 991 3587 adhuc
1011 3514 1104 3615 proli
1139 3515 1303 3604 hormines,
1337 3540 1396 3586 nec
1417 3535 1551 3615 prorsus

320 3630 475 3722 indocti,
494 3631 552 3702 sed
572 3627 738 3701 tardiore
724 3633 848 3723 ingenio
865 3678 876 3720 ‚
893 3650 1046 3727 sensuque
1071 3629 1249 3719 hebetiore,
1271 3653 1368 3726 quarn
1390 3627 1550 3728 utsucurn

337 3775 359 3823 ιι
379 3751 484 3822 norim
505 3748 603 3818 colore
623 3745 830 3823 discernenti
849 3740 906 3843 qui
922 3770 1070 3817 uersuum
1092 3770 1221 3815 neonem
1237 3748 1387 3845 poimuto
1405 3767 1549 3840 censent,

335 3868 472 3963 quique,
500 3889 575 3960 quos
594 3865 691 3962 pueri
707 3857 740 3933 in
763 3857 870 3933 rclrola
889 3857 1070 3934 didicerunt
1090 3879 1251 3957 tamquam
1272 3857 1397 3955 Virgilii
1411 3887 1547 3952 uersus,

336 4006 388 4053 cos
395 3977 539 4077 furcillis
556 3973 628 4081 ejici
642 3972 900 4074 indignabuntur.
932 3978 1006 4050 Hos
1024 4004 1080 4049 suo
1092 3978 1217 4079 judicio
1225 3975 1303 4075 frui
1305 3974 1410 4076 facile
1417 3980 1550 4078 potiore

336 4117 399 4185 et,
430 4093 584 4193 quidquid
606 4095 852 4185 obtrectabunt,
885 4120 948 4167 non
974 4093 1065 4165 aliud
1091 4120 1112 4165 a
1138 4119 1188 4164 me
1210 4120 1389 4194 responsum
1412 4091 1550 4193 serent,

336 4237 432 4312 quarn
456 4213 512 4282 lros
539 4210 674 4303 Tragici
696 4236 830 4284 versus.-
1164 4195 1166 4200 ¹

533 4324 660 4440 inpii
687 4328 736 4431 roi
758 4324 841 4413 τάδ’
865 4332 950 4421 isliu
969 4340 1005 4413 ἐν
1024 4321 1144 4428 melus
1168 4334 1289 4431 φίλοι,

533 4446 643 4530 resirls
675 4449 830 4530 τ’ἐκεῖνιι
850 4445 1042 4556 clemins),
1065 4447 1167 4559 κᾴγι)
1193 4447 1243 4532 τ’
1264 4486 1292 4531 e·

334 4571 551 4647 librariorum
575 4575 748 4643 temeritate
769 4571 852 4640 illoti
868 4592 943 4643 sunt
961 4576 993 4642 in
1020 4570 1226 4664 Virgilianam
1243 4574 1353 4684 poisin
1375 4576 1550 4675 complures

334 4711 469 4785 versus,
498 4691 564 4764 sire
586 4714 627 4763 ιιι
649 4689 722 4761 aliis
746 4685 862 4761 Poiroe
885 4689 1026 4766 rsrsrlm
1053 4690 1233 4763 concinnari
1249 4728 1266 4783 ,·
1285 4690 1352 4765 sivr
1377 4713 1394 4766 e
1413 4684 1550 4792 pmptis
