3750 6217
587 733 602 782 Ι

443 991 1512 1188 AENEIDOS

597 1369 868 1472 LIBER
926 1368 1357 1468 TERTIUs

373 1661 717 1769 POSTQUAM
736 1688 790 1734 res
805 1663 928 1754 Asiae,
952 1666 1157 1760 Priamique
1178 1685 1329 1738 evertere
1348 1683 1492 1764 gentem

373 1783 586 1874 Inmeritam
605 1780 727 1850 visum
750 1781 903 1874 superis,
924 1782 1125 1876 ceciditque
1146 1783 1342 1875 superbum

373 1901 512 1985 Ilium,
539 1915 574 1967 et
595 1897 716 1980 omnis
733 1897 849 1966 humo
870 1893 987 1968 fumat
1008 1896 1191 1990 Neptunia
1215 1896 1347 1978 Troia;

375 2015 521 2092 Diversa
541 2011 689 2099 exsilia,
712 2029 746 2088 et
766 2011 920 2082 desertas
939 2037 1102 2103 quaerere
1123 2029 1228 2082 terras

375 2128 543 2226 Auguriis
564 2127 702 2224 agimur
722 2124 870 2214 diutim,
896 2129 1120 2221 classemque
1141 2127 1208 2198 sub
1230 2128 1309 2221 ipsa

376 2242 564 2317 Antandro
584 2262 620 2313 et
642 2241 812 2338 Phrygiae
829 2242 1005 2314 molimur
1024 2243 1213 2315 montibus
1232 2243 1318 2316 ldae
1337 2271 1345 2328 ;

378 2357 507 2444 Incerti
528 2381 603 2450 quo
625 2355 694 2427 fata
714 2355 843 2447 ferant,
865 2358 929 2428 ubi
951 2359 1069 2430 sistere
1088 2359 1212 2438 detur;

379 2473 710 2564 Contrahimusque
728 2471 832 2544 viros.
877 2475 940 2542 rix
957 2475 1073 2566 prima
1092 2475 1273 2568 inceperat
1291 2493 1400 2546 aestas
1419 2504 1428 2553 ;

378 2589 423 2662 Et
443 2607 542 2682 pater
562 2587 734 2658 Anchises
751 2587 833 2658 dare
853 2586 932 2660 fatis
952 2590 1027 2672 vela
1045 2590 1223 2688 jubebat.-

382 2705 503 2775 Litora
524 2727 642 2797 quoru
662 2703 795 2796 patriae
815 2704 1002 2774 lacrimans
1022 2724 1219 2799 portusque
1239 2708 1430 2800 relinquo,

382 2819 428 2898 Et
447 2843 599 2913 campos
620 2817 683 2894 ubi
704 2816 815 2891 Troia
833 2819 913 2890 fuit.
953 2818 1045 2891 seror
1064 2825 1167 2893 exsul
1189 2823 1225 2892 in
1247 2825 1362 2904 altum

381 2934 479 3005 Cum
500 2934 629 3022 sociis,
650 2951 828 3026 natoque,
851 2935 1069 3026 Penatibus,
1094 2955 1129 3008 et
1147 2939 1285 3037 magnis
1304 2937 1383 3010 diis.

440 3048 548 3119 Terra
568 3051 695 3143 procul
714 3050 820 3121 rastis
839 3052 969 3122 colitur
989 3051 1163 3124 Mavortia
1184 3054 1344 3147 campis,

382 3165 536 3235 Thraces
556 3181 679 3253 arant,
702 3165 769 3233 acri
790 3165 977 3259 quondam
999 3186 1140 3265 regnata
1162 3167 1346 3265 Lycurgo;

384 3281 596 3375 Hospitium
617 3281 809 3371 antiquom
828 3281 976 3370 Troiae,
1001 3285 1161 3377 sociique
1180 3284 1349 3371 PerrateS,

386 3396 486 3467 Dum
508 3393 649 3466 fortuna
669 3393 746 3464 fuit.
786 3393 879 3466 feror
898 3397 992 3486 buc,
1016 3419 1050 3469 et
1070 3401 1171 3480 litore
1189 3423 1297 3468 curro

382 3510 532 3608 Moenia
552 3510 668 3603 prima
689 3510 794 3597 loc0,
820 3509 900 3582 fatis
922 3513 1095 3608 ingressus
1115 3515 1268 3606 iuiquis:

385 3624 645 3715 Aeneadasque
663 3649 748 3694 meo
769 3650 905 3696 nomen
927 3628 971 3697 de
989 3631 1138 3698 nomine
1156 3629 1263 3724 fingo,

444 3738 543 3809 Sacra
563 3738 746 3810 Dionaeae
766 3742 891 3830 matri,
914 3743 1078 3835 dirisque
1098 3743 1253 3814 ferebam

386 3853 606 3949 Auspicibus
626 3875 840 3950 coeptorum
861 3882 1012 3951 operum
1034 3887 1042 3928 ε
1073 3883 1276 3953 superoque
1295 3859 1467 3931 nitentem

387 3971 617 4048 Coelicolirm
636 3972 706 4069 regi
725 3972 927 4044 mactabam
950 3975 986 4045 in
1007 3975 1111 4046 litore
1131 3993 1282 4054 taurum.

386 4087 494 4158 Forte
515 4085 583 4157 fuit
596 4088 697 4183 juxta
716 4090 902 4176 tumulus,
924 4115 999 4181 quo
1022 4115 1149 4160 cornea
1171 4115 1317 4162 summo

385 4200 578 4292 Virqulta,
602 4221 636 4272 et
656 4201 774 4274 densis
794 4205 980 4276 hastilibus
999 4205 1139 4276 horrida
1161 4225 1306 4299 myrtus

386 4313 553 4408 Adcessi,
577 4316 802 4411 viridemque
822 4320 867 4388 ab
888 4322 1002 4396 humo
1024 4322 1223 4391 convellere
1242 4322 1370 4414 silvam

387 4430 569 4516 Cenabis,
593 4433 699 4503 ramis
718 4453 789 4528 tegar
797 4459 869 4504 rem
889 4455 928 4506 ut
944 4435 1194 4507 frondentibus
1214 4461 1307 4506 aras:

385 4545 635 4634 Horrerrdum,
659 4567 694 4617 et
713 4548 811 4620 dictu
830 4551 936 4620 rideo
957 4550 1120 4621 mirabile
1138 4569 1356 4646 monstrum,

385 4659 502 4756 Nem,
524 4687 617 4770 quae
636 4664 752 4772 prima
773 4667 852 4738 solo
873 4667 985 4770 ruptis
1006 4665 1183 4758 radicibus
1205 4665 1311 4754 arbos
