3750 6217
386 758 460 829 aba
567 743 1030 827 nuusluos
1088 739 1196 824 Vll.
1256 769 1289 821 v.
1339 749 1401 825 οδε

380 913 410 991 F
411 922 525 1008 latus,
551 935 587 990 et
603 920 642 987 in
661 920 760 991 lento
783 922 958 991 luctantur
976 943 1153 990 marmore
1172 936 1306 989 tonsae.

382 1033 503 1128 Atque
521 1027 578 1104 hic
596 1031 731 1104 Aeneas
752 1036 932 1132 ingentem
954 1059 999 1104 ex
1017 1050 1173 1126 aequore
1194 1035 1320 1106 lucum

381 1146 569 1244 Prospicit.
605 1149 701 1219 lumc
722 1151 810 1222 inter
830 1147 941 1220 fluvio
960 1149 1152 1219 Tiberinus
1171 1165 1351 1238 amoeno,

381 1263 592 1336 Vorticibus
610 1262 743 1357 rapidis
764 1285 798 1337 et
815 1267 932 1335 multa
951 1263 1063 1336 flavus
1083 1289 1205 1352 arena,

383 1374 429 1451 In
446 1398 543 1449 mare
560 1382 774 1474 prorumpit.
812 1381 925 1451 variae
946 1381 1154 1471 circumque
1175 1400 1352 1473 supraque

382 1495 564 1568 Adsuetae
582 1493 668 1587 ripis
688 1499 850 1567 volucres
870 1516 905 1568 et
923 1494 1085 1565 fluminis
1105 1496 1207 1564 alveo

382 1596 533 1682 Aethera
553 1609 763 1681 mulcebant
779 1629 907 1700 cautu,
931 1613 1088 1702 lucoque
1104 1602 1286 1680 volabantr

382 1724 536 1797 Flectere
555 1726 616 1795 iter
636 1727 767 1815 sociis,
788 1746 968 1819 terraeque
986 1725 1162 1795 advertere
1183 1748 1305 1819 proras

382 1839 561 1934 Imperat,
585 1858 620 1912 et
640 1842 752 1912 laetus
770 1840 881 1913 fluvio
903 1842 1060 1912 succedit
1081 1864 1208 1934 opaco

441 1937 548 2025 Nunc
569 1982 651 2053 age,
675 1958 874 2050 qui'reges,
893 1957 1018 2044 Erato,
1042 1981 1133 2049 quae
1151 1974 1313 2050 tempora
1333 1963 1475 2044 renim,

386 2070 478 2175 Quis
499 2072 600 2141 Latio
622 2070 774 2163 antiquo
794 2071 898 2143 fuerit
919 2089 1053 2158 status,
1078 2072 1213 2142 advena
1233 2073 1382 2142 classem

385 2183 515 2290 Quom
536 2185 695 2279 primum
715 2185 885 2256 Ausoniis
903 2188 1073 2257 exercitus
1092 2188 1232 2296 adpulit
1251 2187 1343 2274 oris,

384 2293 610 2395 Expediam,
636 2317 671 2371 et
690 2301 827 2407 primae
846 2302 1023 2371 revocabo
1045 2290 1189 2372 exordia
1210 2325 1362 2399 pugnae

384 2404 444 2487 Tu
462 2434 600 2503 v,atem
623 2433 662 2485 tu
674 2403 816 2505 ,Diva,
840 2435 962 2487 moue.
1002 2418 1120 2488 dicam
1140 2418 1282 2488 horrida
1299 2416 1417 2487 bella

384 2532 514 2604 Dicam
535 2532 626 2601 acies
643 2550 847 2624 ,actosque
866 2534 997 2606 animis
1018 2535 1056 2603 in
1076 2533 1197 2605 funera
1215 2558 1333 2631 regeS,

384 2647 678 2741 Tyrrhenamque
699 2665 871 2737 manum,
891 2668 1081 2742 totamque
1099 2649 1165 2720 sub
1186 2673 1283 2718 arma
1302 2659 1463 2718 coactam

384 2763 605 2857 Hesperiam.
643 2766 758 2861 major
775 2790 890 2834 rerum
912 2766 1001 2835 mihi
1021 2765 1175 2835 nascitur
1196 2764 1310 2833 ordor

383 2866 502 2977 Majus
521 2903 616 2973 opus
635 2904 780 2950 moveo
815 2895 877 2950 'rex
896 2892 975 2951 arva
993 2881 1140 2950 Latinus
1157 2899 1190 2949 et
1209 2878 1313 2950 urbes

379 2993 463 3083 Jam
483 2996 600 3065 senior
620 2996 728 3093 longa
746 2983 903 3089 placidas
925 2983 962 3066 in
980 3014 1067 3091 pace
1089 2994 1238 3090 regebat.

383 3109 492 3180 Hunc
508 3110 633 3180 Fauno
654 3130 689 3181 et
708 3113 869 3205 nympha
888 3113 1049 3210 genitum
1072 3110 1246 3180 laurente
1264 3093 1394 3182 blarica'

328 3221 608 3336 Adcipimus.
649 3222 773 3295 Fauno
796 3226 898 3296 Picus
919 3246 1046 3321 pater:
1078 3226 1179 3317 isque
1199 3243 1382 3319 parentem

328 3305 459 3424 Te,
482 3338 648 3427 Saturne,
669 3338 795 3410 referti
826 3361 864 3412 tu
886 3343 1066 3440 sanguinis
1086 3342 1234 3411 ultimus
1255 3359 1384 3410 auctor.-

383 3449 496 3523 Filius
515 3440 618 3541 huic,
643 3453 716 3524 fato
738 3452 860 3525 divcim
875 3459 1100 3550 ,prolesque
1117 3455 1227 3527 virilis

384 3567 494 3637 Nulla
511 3566 580 3639 fuit
598 3623 608 3657 ,
632 3569 821 3663 primaque
842 3574 958 3643 oriens
977 3583 1094 3665 erepta
1110 3574 1257 3669 juventa
1277 3589 1339 3645 est.

382 3680 466 3754 Sola
486 3684 643 3754 domum
661 3702 696 3755 et
713 3703 826 3757 tantas
847 3686 1002 3758 servabat
1024 3685 1093 3756 srlia
1115 3689 1231 3776 sedes,

378 3797 461 3887 Jam
480 3818 617 3871 matura
636 3802 730 3890 vir0,
747 3799 823 3899 jam
841 3802 958 3895 plenis
976 3802 1110 3874 nubilis
1130 3805 1241 3874 annis.

382 3911 493 3985 Multi
513 3915 612 3984 illam
631 3935 764 4013 magno
789 3943 808 3986 e
827 3903 930 3987 Latio
950 3934 1098 4010 totaque
1118 3918 1288 4011 petebant

381 4025 543 4099 Ausonia
566 4057 573 4096 ε
604 4032 695 4123 petit
714 4046 794 4102 ante
814 4033 903 4102 alios
924 4028 1181 4126 pulcherrimus
1203 4033 1325 4104 omnis

357 4141 549 4231 .·Turnus,
573 4146 646 4215 avis
666 4145 847 4239 atavisque
867 4165 998 4241 potens
1019 4175 1026 4214 ε
1058 4169 1169 4241 quem
1187 4150 1279 4247 regia
1302 4150 1463 4248 conjunr'c

380 4257 539 4355 Adjungi
559 4284 729 4355 generum
748 4263 841 4332 miro
862 4263 1075 4357 properabat
1095 4290 1235 4339 amore:

380 4370 450 4443 Sed
469 4374 572 4445 variis
592 4391 756 4467 portenta
777 4378 888 4448 deum
906 4376 1095 4450 terroribus
1115 4380 1281 4450 obstant·

380 4487 516 4557 Laurus
535 4509 605 4559 erat
624 4493 707 4561 tecti
724 4495 847 4564 medio
869 4494 907 4563 in
927 4496 1168 4587 penetralibus
1188 4498 1289 4583 altis,-

379 4600 480 4700 Sacra
501 4628 664 4697 comam,
685 4611 896 4703 multosque
915 4628 1015 4682 metu
1036 4630 1164 4682 servata
1188 4638 1251 4705 per
1269 4637 1411 4687 annosi
