3750 6217
331 783 409 857 324
518 750 967 833 'AENE-IDOS
1023 756 1102 830 IX.
1163 757 1336 832 v.160.

326 922 498 1019 Purpurei
518 922 631 994 cristis
645 924 816 1019 juvenes,
837 946 997 1015 auroque
1017 922 1179 994 corusci:

236 1127 239 1132 Ι
326 1041 556 1126 Discurrunt,
576 1038 782 1131 variantque
799 1039 912 1127 vices,
934 1036 1078 1130 fusique
1100 1062 1162 1132 per
1182 1035 1330 1109 herbam

310 1155 523 1251 Jndulgent
538 1154 647 1241 vino,
673 1172 708 1224 et
725 1172 867 1224 vertunt
885 1170 1029 1224 crateras
1048 1164 1167 1225 a'enos.

327 1270 534 1340 Conlucent
553 1268 651 1365 ignes
670 1295 677 1336 :
707 1286 854 1339 noctem
872 1268 1035 1341 custodia
1055 1268 1156 1347 ducit

327 1385 541 1456 lnsomnem
562 1382 662 1453 lude.

327 1499 426 1571 Haec
444 1523 549 1592 super
568 1523 588 1567 e
605 1498 701 1570 vallo
723 1516 955 1594 prospectant
968 1497 1103 1589 Troes,
1126 1516 1162 1570 et
1181 1498 1301 1571 armis·

326 1614 408 1685 Alta
426 1631 548 1684 tenent
568 1642 576 1682 :
605 1637 671 1684 nec
690 1639 768 1686 non
786 1613 914 1708 trepidi
933 1612 1127 1685 formidine
1147 1631 1272 1709 portas

327 1730 545 1822 Explorant,
564 1729 760 1824 pontisque
780 1751 814 1800 et
832 1731 1101 1826 propugnacula
1114 1732 1295 1827 jungunt:

328 1844 419 1914 Tela
437 1862 569 1942 gerunt.
612 1845 746 1917 instant
764 1842 970 1916 Mnestheus
988 1868 1136 1939 acerque
1153 1842 1333 1916 Serestus:

328 1957 436 2064 Quos
453 1972 550 2052 pater
569 1957 729 2050 Aeneas,
755 1961 783 2031 si
802 1958 951 2053 quando
971 1959 1114 2031 adversa
1133 1973 1323 2047 vocarent,

327 2073 496 2145 Rectores
511 2076 711 2171 juvenum,
732 2092 767 2146 et
783 2098 898 2145 rerum
918 2073 1018 2145 dedit
1035 2099 1110 2146 esse
1130 2075 1328 2172 magistros.

329 2189 464 2261 Omnis
483 2214 547 2283 per
565 2191 824 2288 muros'legio,
842 2188 964 2260 sortita
982 2190 1182 2283 periclum,

329 2304 504 2393 Excubat,
529 2324 736 2397 exercetque
754 2305 871 2392 vices,
893 2303 995 2396 quod
1016 2306 1146 2399 cuique
1165 2302 1340 2377 tuendum
1357 2320 1418 2377 est.

387 2418 496 2490 Nisus
516 2437 587 2490 erat
605 2439 727 2514 portae
745 2436 883 2509 custos,
903 2419 1091 2492 acerrimus
1110 2420 1237 2506 armis,

205 2621 215 2638 ἱ
329 2534 564 2636 Hynacides3
591 2536 763 2606 comitem
779 2532 920 2605 Aeneae
942 2560 1052 2628 quem
1070 2536 1213 2607 miserat
1230 2532 1298 2605 Ida

331 2649 526 2738 Venatrix,
544 2651 665 2748 jaculo
688 2652 837 2722 celerem
856 2650 1069 2743 levibusque
1088 2651 1244 2748 sagittis:

330 2766 377 2838 Et
391 2767 491 2863 juxta
508 2788 631 2837 comes
649 2765 837 2859 Euryalus,
861 2789 934 2857 quo
952 2766 1133 2859 pulchrior
1151 2767 1237 2836 alter

332 2881 367 2951 N
370 2905 420 2981 un
440 2878 509 2951 fuit
524 2878 761 2977 Aeneadum,
784 2879 941 2951 Troiana
961 2904 1079 2975 neque
1099 2880 1218 2958 induit
1236 2903 1355 2962 arma;

330 2996 403 3068 Ora
423 3020 513 3090 puer
530 2994 645 3089 prima
663 2997 805 3094 signans
825 2989 968 3084 intonsa
982 2998 1135 3094 juventa.

331 3111 400 3183 His
422 3135 526 3182 amor
545 3135 638 3183 unus
656 3129 748 3199 erat,
771 3112 969 3205 pariterque
989 3112 1027 3181 in
1047 3112 1142 3186 bella
1160 3109 1330 3185 ruebant:

331 3225 431 3296 Tum
451 3248 599 3318 quoque
618 3226 806 3297 communi
827 3246 971 3319 portam
992 3229 1143 3300 statione
1162 3227 1343 3300 tenebant.

331 3340 441 3411 Nisus
458 3340 505 3409 ait
523 3368 530 3407 :
554 3340 661 3410 Diine
678 3341 774 3412 hunc
793 3342 954 3412 ardorem
974 3344 1158 3415 mentibus
1176 3342 1336 3432 addunt,

331 3456 483 3549 Euryale
502 3457 517 3525 ,Ρ
547 3479 593 3524 an
611 3480 674 3527 sua
694 3457 823 3550 cuique
843 3458 930 3529 deus
947 3458 986 3527 fit
1003 3458 1076 3528 dira
1092 3443 1228 3554 cupido
1246 3460 1262 3529 Ρ

332 3572 405 3643 Aut
425 3595 607 3668 pugnam,
632 3590 693 3641 aut
712 3573 849 3664 aliquid
861 3575 939 3669 jarn
959 3573 1100 3644 dudum
1122 3574 1285 3644 invadere
1304 3597 1478 3673 magnum

334 3686 438 3757 Mens
455 3687 562 3785 agitat
576 3687 691 3767 mihi3
716 3711 783 3758 nec
803 3688 944 3782 placida
962 3709 1128 3761 contenta
1150 3690 1268 3781 quiete
1291 3707 1353 3761 est.

336 3800 482 3894 Cernis,
505 3829 596 3896 quae
613 3803 770 3876 Rutulos
789 3802 916 3875 habeat
934 3804 1061 3875 fiducia
1082 3831 1209 3876 rerum.

334 3918 490 3989 Lumina
508 3944 578 3989 rara
597 3920 759 3991 micant:
791 3945 922 3991 somno
943 3921 1102 4013 vinoque
1123 3922 1231 3993 soluti

311 4032 556 4103 ‘Procubuere
576 4062 584 4100 ι
615 4036 718 4108 silent
737 4036 806 4106 late
826 4031 915 4106 loca.
952 4038 1095 4131 percipe
1113 4061 1222 4130 porro
1239 4091 1251 4126 ,

335 4148 437 4254 Quid
461 4148 652 4236 dubitem,
674 4167 709 4220 et
729 4176 820 4242 quae
841 4175 937 4222 nunc
958 4152 1081 4244 animo
1103 4153 1274 4237 sententia
1296 4170 1421 4251 surgat

333 4262 479 4334 Aenean
499 4261 606 4332 adciri
625 4288 773 4354 omnes,
798 4268 1030 4359 populusque
1050 4287 1258 4361 patresque,

333 4378 563 4473 Exposcunt3
583 4380 751 4471 mittique
771 4383 891 4469 viros,
916 4384 979 4475 qui
999 4402 1088 4454 certa
1106 4402 1298 4476 reportent.

333 4491 370 4564 Si
388 4493 477 4582 tibi,
501 4518 591 4587 qnae
611 4520 750 4589 posce,
773 4499 1013 4590 promittunt,
1039 4501 1144 4591 (narn
1164 4500 1253 4567 milri
1273 4498 1357 4570 facti

334 4609 445 4684 Fama
463 4627 515 4681 sat
532 4613 606 4704 est)
628 4613 771 4682 tumulo
789 4612 913 4683 videor
931 4614 1079 4709 reperire
1101 4613 1167 4704 sula
1185 4614 1251 4684 illo

117 5195 417 5599 n
