3750 6217
407 868 871 999 ECLOGA
942 868 1461 996 SEPTIMA.

332 1116 438 1322 M
508 1148 576 1316 E
644 1146 717 1316 L
785 1145 822 1313 l
890 1148 958 1317 B
1025 1146 1104 1318 O
1174 1147 1244 1317 E
1311 1145 1386 1314 U
1453 1144 1538 1319 S.

502 1471 1375 1564 couroou,rurns1s

768 1674 1097 1731 MELIBOEUS.

331 1802 360 1877 F
368 1797 525 1876 ORTE
550 1799 616 1873 sub
639 1813 761 1897 arguta
781 1796 989 1870 consederat
1012 1796 1094 1869 ilice
1117 1797 1307 1894 Daphnis,

332 1918 650 2014 Conpulerantque
669 1936 789 2011 greges
805 1911 981 2007 Corydon
1005 1931 1040 1984 et
1059 1912 1207 2008 Thpsis
1227 1914 1266 1983 in
1285 1937 1424 1994 unum3
1499 1973 1501 1977 Α

331 2033 479 2129 Thyrsis
499 2031 599 2119 ovis,
623 2027 799 2125 Corydon
818 2028 988 2100 distentas
1008 2031 1098 2101 lacte
1119 2030 1284 2123 capellas.

330 2147 453 2222 Ambo
475 2146 641 2220 florentes
660 2144 858 2234 aetatibus,
883 2143 1036 2216 Arcades
1055 2144 1189 2235 ambo,

331 2264 377 2338 Et
394 2275 531 2336 cantare
550 2285 675 2357 pares,
696 2278 732 2332 et
751 2259 966 2354 respondere
984 2263 1109 2354 parati.
1519 2356 1522 2361 .

331 2379 414 2453 Huc
432 2379 550 2468 mihi,
575 2377 669 2448 dum
687 2391 824 2446 teneras
843 2373 1000 2446 defendo
1020 2402 1041 2449 a
1066 2374 1195 2474 frigore
1213 2396 1351 2471 myrtos
1365 2392 1380 2466 ,'

331 2494 398 2566 Vir
422 2494 534 2594 gregis
553 2493 630 2588 ipse
650 2515 757 2586 caper
776 2489 1000 2562 deerraverat.
1039 2508 1148 2585 atque
1168 2516 1234 2590 ego
1254 2490 1432 2586 Daphnin

331 2607 504 2705 Adspicio
528 2637 536 2678 ε
566 2609 628 2679 ille
651 2605 715 2677 ubi
734 2631 796 2677 me
815 2623 937 2678 contra
954 2604 1083 2678 videt:
1109 2607 1246 2696 Ocius,
1272 2605 1414 2699 inquit,

332 2724 414 2796 Huc
435 2724 540 2812 ades,
571 2747 594 2793 o
615 2721 797 2793 Meliboee
816 2749 824 2788 :
842 2745 947 2815 caper
965 2720 1033 2794 tibi
1053 2722 1197 2812 salvus,
1228 2739 1265 2794 et
1282 2720 1398 2792 haedi.

333 2839 397 2928 Et,
428 2841 457 2911 si
481 2837 571 2932 quid
589 2861 718 2909 cessare
738 2853 871 2931 potes,
899 2836 1082 2930 requiesce
1103 2837 1170 2911 sub
1188 2837 1326 2908 umbra.

333 2953 416 3027 Huc
439 2952 509 3047 ipsi
532 2969 665 3046 potum
686 2951 834 3022 venient
853 2975 916 3046 per
939 2969 1040 3045 prata
1059 2953 1223 3051 juvenci:

334 3062 406 3140 Hic
425 3064 548 3136 viridis
566 3084 684 3135 tenera
707 3066 881 3158 praetexit
899 3064 1073 3135 arundine
1091 3067 1188 3161 ripas

334 3180 518 3268 Mincius,
548 3201 640 3272 eque
661 3202 753 3250 sacra
772 3197 938 3251 resonant
957 3179 1122 3251 examina
1145 3198 1290 3275 quercu

335 3295 440 3403 Quid
456 3292 607 3366 facerem
617 3294 634 3364 ?
644 3317 764 3387 neque
781 3318 850 3390 ego
863 3292 1062 3390 Alcippen,
1075 3296 1341 3394 necPhyllida,
1353 3295 1546 3389 habebam,

334 3411 519 3506 Depulsos
544 3434 564 3480 a
591 3409 681 3481 lacte
701 3408 805 3479 domi
825 3435 916 3504 quae
940 3411 1118 3484 clauderet
1139 3438 1274 3512 agnosz

332 3526 378 3598 Et
395 3544 574 3597 certamen
595 3542 694 3614 erat,
723 3523 897 3619 Corydon
915 3549 1000 3599 cum
1019 3525 1219 3622 Ibyrside,
1249 3552 1434 3627 magnum.
1493 3580 1495 3584 ψ

334 3640 531 3713 Posthabui
554 3657 677 3712 tamen
696 3639 845 3711 illorum
863 3666 945 3713 mea
965 3644 1053 3715 seria
1071 3644 1172 3716 ludo.
1311 3676 1322 3703 ν
1457 3644 1465 3669 ’

334 3755 488 3828 Alternis
507 3755 612 3854 igitur
630 3755 848 3829 contendere
867 3757 1026 3831 versibus
1047 3759 1157 3831 ambo

336 3870 499 3965 Coepere
519 3898 527 3938 ι
548 3871 703 3943 alternos
722 3869 847 3944 Musae
864 3873 1074 3946 meminisse
1092 3875 1272 3947 volebant.

336 3984 419 4059 Hos
438 3983 641 4079 Corydon,
663 3983 748 4059 illos
770 3985 940 4060 referebat
959 3989 998 4059 in
1020 3989 1144 4062 ordine
1161 3990 1317 4084 Thyrsis.

818 4122 1076 4178 conrnou

338 4213 556 4312 Nymphae,
583 4236 703 4290 noster
723 4242 846 4308 amor,
869 4217 1116 4311 Libethrides,
1146 4242 1207 4295 aut
1225 4223 1315 4294 mihi
1338 4246 1500 4315 carmen,

342 4329 461 4435 Quale
480 4356 567 4403 meo
587 4332 739 4424 Codro,
769 4333 955 4406 concedite
966 4365 976 4415 ς
1002 4360 1180 4429 proxuma
1200 4338 1338 4411 Phoebi

343 4443 518 4520 Versibus
538 4447 599 4520 ille
618 4446 703 4521 facit
723 4478 731 4519 :
762 4468 846 4539 aut,
872 4449 999 4521 sinon
1019 4477 1215 4546 possumus
1234 4478 1390 4547 omnes,

340 4556 410 4634 Hic
427 4581 547 4667 arguta
565 4587 659 4639 sacra
677 4565 852 4660 pendebit
869 4564 985 4640 fistuu
1007 4567 1107 4661 pinu.
1387 4558 1391 4564 ’

729 4716 731 4720 ·
1271 4684 1308 4753 D
