3750 6217
265 782 1433 1061 onoaorcou

423 1260 700 1348 LIBER
764 1254 1277 1350 SECUNDUS.

241 1561 278 1634 H
290 1559 322 1633 A
335 1551 451 1633 CTE
465 1557 500 1631 N
513 1558 580 1633 US
604 1585 769 1634 arvorum
794 1562 931 1651 cultus,
960 1579 996 1632 et
1019 1560 1132 1634 sidera
1159 1563 1250 1633 coeli
1270 1589 1278 1632 ε

240 1676 348 1749 Nunc
368 1696 428 1769 te,
459 1676 622 1768 Bacche,
645 1700 798 1766 canam,
829 1699 895 1748 nec
917 1700 995 1746 non
1014 1678 1184 1749 silvestria
1204 1695 1323 1750 tecum

240 1789 426 1893 Virgulta,
453 1811 489 1865 et
511 1794 655 1888 prolem
674 1792 771 1863 tarde
792 1791 977 1864 crescentis
1001 1793 1126 1864 olivae.

238 1906 344 1999 Huc,
365 1927 467 2003 pater
491 1933 514 1980 o
539 1906 678 1979 Lenaee
701 1935 709 1977 ε
738 1907 810 1979 tuis
829 1900 887 1977 hic
908 1908 1033 1977 omnia
1052 1909 1163 2002 plena

242 2023 474 2102 Muneribus;
502 2023 570 2095 tibi
590 2023 790 2119 pampineo
811 2021 976 2121 gravidus
994 2040 1171 2095 autumno

241 2136 365 2211 floret
389 2165 497 2239 ager,
527 2157 673 2235 spumat
694 2138 813 2234 plenis
832 2135 1017 2209 vindemia
1044 2138 1173 2211 labrisr

243 2253 350 2345 Huc,
372 2273 473 2350 pater
494 2280 517 2327 o
537 2254 701 2344 Lenaee,
723 2254 830 2335 veni;
851 2252 1057 2347 nudataque
1077 2272 1201 2327 musto

245 2367 390 2470 Tingue
410 2394 509 2442 novo
529 2395 675 2442 mecum
693 2369 848 2465 dereptis
868 2393 966 2440 curra
984 2361 1176 2442 cothurnis.

302 2486 488 2580 Principio
509 2484 694 2559 arboribus
709 2486 802 2556 varia
822 2503 875 2557 est
892 2503 1016 2557 natura
1036 2485 1211 2558 creandist

244 2600 415 2695 Namque
432 2602 549 2691 aliae,
576 2602 687 2674 nullis
706 2600 901 2672 hominum
922 2599 1160 2697 cogentibus,
1188 2601 1286 2695 ipsae

246 2713 384 2813 Sponte
405 2742 467 2789 sua
483 2718 652 2806 veniunt,
678 2741 900 2812 camposque
918 2734 954 2787 et
973 2714 1123 2787 flumina
1143 2718 1212 2787 late

247 2829 363 2903 Curva
382 2850 505 2906 tenent
526 2861 534 2902 :
564 2850 605 2904 ut
624 2833 739 2903 molle
760 2832 867 2921 siler,
894 2834 1083 2924 lentaeque
1102 2850 1291 2931 genestae,

243 2944 433 3042 Populus,
457 2965 493 3019 et
512 2949 636 3047 glauca
656 2947 819 3019 canentia
836 2945 964 3020 fronde
985 2947 1114 3020 salicta.

242 3059 327 3133 Pars
348 3080 471 3134 autem
490 3064 612 3158 posito
634 3080 784 3162 surgunt
802 3061 848 3133 de
868 3062 1031 3134 semine:
1061 3080 1102 3133 ut
1120 3063 1210 3133 altae

247 3175 463 3266 Castaneae,
485 3201 750 3274 nemorumque
764 3176 850 3266 Jovi
871 3202 963 3272 quae
981 3200 1152 3248 maxuma
1171 3175 1314 3251 frondet

245 3290 440 3383 Aesculus,
463 3311 570 3387 atque
588 3293 728 3367 habitae
748 3292 863 3365 Graiis
884 3294 1025 3365 oracula
1046 3318 1205 3388 quercus.

241 3406 403 3480 Pullulat
422 3404 468 3479 ab
487 3407 605 3480 radice
626 3410 705 3483 aliis
728 3409 941 3482 densissima
961 3403 1067 3484 silvas

241 3521 290 3595 Ut
313 3524 461 3614 cerasis,
489 3526 704 3619 ulmisque:
734 3527 843 3598 etiam
863 3527 1026 3600 Parnasia
1046 3527 1165 3599 laurus

240 3636 348 3709 Parva
370 3641 437 3713 sub
459 3641 596 3741 ingenti
617 3642 740 3714 matris
761 3667 797 3713 se
818 3641 962 3743 subjicit
980 3640 1117 3714 umbra.

242 3751 325 3826 Hos
343 3752 476 3827 Natura
493 3755 630 3828 modos
647 3743 809 3852 primurn
826 3758 953 3830 dedit:
974 3751 1029 3830 his
1049 3780 1161 3857 genus
1180 3779 1292 3829 omne

241 3867 440 3957 Silvarum,
464 3868 708 3965 fruticumque
731 3874 847 3963 viret,
866 3897 1131 3966 nemorumque
1151 3896 1339 3943 sacrorum.

298 3983 389 4055 Sunt
409 3983 490 4064 alii.
514 4008 610 4078 quos
628 3986 706 4082 ipse
723 3989 780 4059 via
801 3988 870 4060 sibi
889 3990 1018 4083 reperit
1037 4011 1133 4079 usus.

240 4098 312 4170 Hic
337 4101 478 4193 plantas
498 4116 621 4170 tenero
641 4102 827 4176 abscidens
844 4104 890 4176 de
910 4129 1060 4201 corpore
1081 4120 1236 4175 matrum

242 4213 425 4309 Deposuit
446 4214 552 4286 sulcis
574 4243 582 4284 :
612 4215 670 4287 hic
689 4219 813 4315 stirpes
832 4217 953 4292 obruit
971 4244 1076 4309 arvo,

241 4325 547 4434 Quadrilidasque
567 4330 697 4421 sudes,
721 4350 757 4403 et
775 4352 882 4405 acuto
902 4334 1033 4407 robore
1048 4335 1187 4407 vallos:

241 4441 491 4540 Silvarumque
516 4447 606 4517 aliae
627 4471 768 4542 pressos
789 4450 1000 4548 propaginis
1018 4475 1119 4524 arcus

240 4556 481 4654 Exspectant,
504 4582 540 4635 et
557 4563 639 4634 vira
661 4587 723 4635 sua
740 4563 915 4659 plantaria
934 4574 1031 4637 tetra.

1104 4680 1142 4757 H
