3750 6217
357 701 435 796 aaa
512 693 959 796 arr-urruns
1015 695 1166 776 vrrr.
1225 719 1397 792 v,391.

353 863 463 960 lgnea
480 862 570 933 rima
586 860 722 956 micans
742 861 910 956 percurrit
927 861 1066 950 lumine
1086 861 1241 934 nimbos.

352 977 470 1050 Sensit
488 979 578 1053 laeta
594 977 710 1063 dolis,
736 999 771 1048 et
789 974 925 1050 fonnae
945 977 1087 1048 conscia
1106 981 1276 1077 conjunx.

352 1095 453 1184 Turn
473 1111 572 1189 pater
590 1111 732 1178 aeterno
751 1092 841 1162 fatur
859 1092 1046 1174 devinctus
1065 1117 1207 1170 amore:

354 1209 457 1316 Quid
477 1234 616 1280 caussas
635 1209 728 1302 petis
748 1233 793 1280 ex
807 1210 880 1280 alto
901 1209 918 1276 Ρ
948 1207 1079 1298 fiducia
1096 1210 1201 1282 cessit

353 1327 443 1432 Quo
464 1325 555 1413 tibi,
577 1325 681 1429 diva,
699 1325 773 1426 rnei
799 1325 816 1394 Ρ
846 1323 974 1406 similis
991 1324 1020 1402 si
1040 1349 1121 1398 cura
1141 1322 1286 1416 fuisset,

352 1441 455 1512 Turn
475 1466 625 1538 quoque
644 1438 696 1516 fas
714 1439 822 1512 nobis
838 1437 998 1510 Teucros
1018 1464 1150 1512 armare
1170 1439 1314 1520 fuisset;

352 1557 431 1628 Nec
451 1573 550 1652 pater
568 1557 801 1650 omnipotens
819 1554 993 1642 Troiam,
1018 1579 1083 1627 nec
1103 1553 1174 1628 fata
1192 1557 1358 1630 vetabant

353 1674 473 1764 Stare,
490 1657 690 1764 decemque
711 1671 802 1742 alios
821 1670 1004 1758 Priamum
1026 1695 1206 1764 superesse
1218 1698 1289 1774 per
1309 1695 1433 1746 annos.

353 1790 401 1860 Et
419 1812 534 1877 nunc,
558 1788 587 1864 si
606 1787 736 1866 bellare
754 1811 876 1881 paras,
893 1803 1000 1878 atque
1020 1787 1106 1858 haec
1118 1788 1192 1882 tibi
1211 1813 1314 1861 mens
1333 1807 1408 1870 esta

354 1887 549 2010 Quidquid
568 1903 606 1973 in
625 1921 696 2000 arte
714 1927 794 1972 mea
810 1926 961 1997 possum
980 1902 1188 1995 promittere
1205 1929 1326 1994 curae,

354 2021 470 2128 Quod
489 2018 562 2127 fieri
580 2017 691 2120 ferro,
713 2018 901 2110 liquidove
921 2034 1042 2109 potest
1060 2019 1207 2108 electro,

354 2137 544 2240 Quantum
566 2135 665 2232 ignes
684 2135 898 2225 animaeque
916 2135 1057 2211 ralent3
1084 2133 1213 2214 absiste
1233 2135 1415 2231 precando

353 2251 503 2324 Viribus
521 2249 722 2326 indubitare
739 2248 827 2319 tuis·
860 2272 901 2318 ea
919 2247 1025 2318 verba
1046 2251 1191 2322 locutus

353 2369 512 2462 Optatos
531 2365 632 2439 dedit
649 2365 837 2458 amplexus
849 2416 859 2452 ,
873 2357 1142 2458 ⁴placidumque
1161 2366 1306 2460 perint-

354 2481 531 2578 Conjugis
549 2477 687 2550 inlusus
706 2479 842 2577 gremio
863 2503 927 2573 per
943 2479 1105 2550 membra
1126 2505 1305 2577 soporem.

412 2597 522 2686 lude,
542 2594 607 2673 ubi
624 2595 741 2690 prima
761 2596 880 2688 quies,
902 2596 1025 2694 medio
1042 2598 1119 2693 jam
1137 2597 1254 2672 noctis
1272 2597 1415 2670 abactae

353 2701 557 2800 Curriculo,
582 2695 764 2805 expulerat
782 2735 976 2799 somnum,
997 2735 1115 2806 quom
1135 2711 1269 2808 femina
1288 2713 1450 2808 primum
1461 2765 1487 2806 ,-

354 2828 425 2898 Cui
442 2828 590 2928 tolerare
610 2828 693 2908 colo
713 2828 825 2900 vitam
844 2827 1022 2920 tenuique
1035 2826 1193 2909 Minerva

353 2945 585 3038 inpositurn,
609 2944 763 3026 cinerem
783 2962 818 3014 et
838 2943 978 3042 sopitos
999 2942 1140 3024 suscitat¹
1158 2944 1271 3042 ignis,

352 3061 511 3144 Noctem
530 3057 666 3132 addens
687 3060 810 3153 operi;
835 3057 1058 3152 famulasque
1078 3058 1125 3129 ad
1144 3059 1284 3150 lumina
1304 3060 1422 3160 longo-

351 3177 498 3264 Exercet
516 3199 631 3270 penso
649 3204 658 3252 ;
682 3192 819 3258 castum
837 3192 878 3256 nt
897 3199 1028 3245 servare
1047 3173 1166 3263 cubile

352 3291 548 3388 Conjugis,
573 3308 606 3360 et
626 3289 741 3383 possit
759 3314 887 3382 parvos
907 3290 1054 3360 educere
1074 3311 1200 3362 natos:

353 3406 463 3479 Haud
482 3429 580 3477 secus
599 3405 835 3501 IgnipotenS,
859 3430 924 3486 net
945 3425 1109 3506 ternpore
1128 3408 1268 3506 segnior
1286 3407 1352 3479 illo

352 3520 566 3604 Mollibnse
586 3521 698 3592 stratis
717 3546 823 3612 opera
841 3521 888 3589 nd
906 3521 1043 3591 fabrilia
1064 3523 1181 3619 surgit

352 3638 475 3722 Insula
496 3633 676 3730 Sicanium
691 3639 791 3733 juxta
809 3637 898 3706 latus
918 3636 1157 3729 Aeoliamque

350 3753 505 3850 Erigitur
524 3737 711 3848 Liparen,
728 3749 951 3840 fumantibus
969 3752 1074 3830 ardua
1096 3754 1211 3824 saxis:

352 3867 476 3972 Quam
498 3869 618 3941 subter
637 3893 785 3961 specus,
811 3887 846 3938 et
864 3867 1071 3961 Cyclopum
1089 3892 1190 3958 exesa
1209 3871 1359 3944 caminis

351 3983 462 4057 Antra
479 3981 635 4064 Aetnaea
653 4003 803 4070 tonant,
826 3984 1010 4076 validique
1030 3983 1224 4056 incudibus
1245 3986 1336 4058 ictus

352 4097 476 4169 Auditi
496 4098 650 4168 refenrnt
668 4099 865 4196 gemitum,
886 4099 1112 4191 striduntque
1131 4103 1287 4188 cavernis

351 4213 534 4292 Stricturae
553 4213 780 4308 Chalybum,
807 4237 842 4285 et
860 4214 1066 4314 fqrnacibus·
1082 4215 1173 4313 ignis
1193 4217 1355 4298 anhelnt;

351 4328 508 4401 Volcani
528 4329 685 4419 domus,
706 4347 741 4399 et
760 4330 938 4401 Volcania
958 4331 1110 4412 nomine
1130 4334 1245 4414 tellus.

350 4446 434 4517 Hoc
454 4463 538 4515 tunc
559 4446 772 4545 Ignipotens
791 4448 893 4517 coelo
911 4446 1096 4518 descendit
1115 4447 1160 4518 ab
1179 4451 1262 4520 alto.

349 4560 497 4632 Ferrum
516 4561 725 4633 exercebant
743 4583 843 4632 vasto
863 4563 1044 4656 Cyclopes
1065 4564 1103 4636 in
1121 4585 1246 4650 anuo,

117 5261 349 5607 'l
