3750 6217
391 712 1269 831 crouorcou11.'v.3qr.
1381 732 1432 829 sq

228 899 276 976 Et
296 924 534 997 quocumque
552 900 639 976 deus
659 902 793 974 circum
812 922 921 998 capnt
940 903 1011 1001 egit
1029 901 1234 973 honestum.

230 1017 323 1117 Ergo
344 1018 409 1088 rite
428 1040 535 1089 suum
553 1015 691 1090 Baccho
710 1018 870 1092 dicemus
885 1018 1063 1090 honorem

231 1131 461 1203 Carminibus
479 1131 619 1224 patriis,
641 1136 830 1225 lancesque
852 1152 887 1204 et
906 1132 978 1203 liba
997 1131 1169 1210 feremus

229 1245 277 1318 Et
298 1246 429 1318 ductus
447 1270 560 1322 cornu
581 1248 687 1318 stabit
706 1270 799 1322 sacer
813 1248 930 1320 hircus
950 1247 995 1317 ad
1015 1271 1131 1335 aram,

231 1360 455 1459 Pinguiaque
475 1361 513 1429 in
531 1361 673 1434 veribus
691 1361 905 1434 torrebimus
925 1382 1003 1434 exta
1024 1360 1189 1437 columis.

289 1475 352 1547 Est
369 1476 476 1546 etiam
495 1476 562 1549 illu
576 1476 677 1547 labor
695 1478 857 1549 curandis
878 1477 1010 1548 vitibus
1031 1479 1136 1564 alter,

231 1590 303 1661 Cui
320 1615 523 1683 numquam
539 1591 698 1663 exhausti
719 1592 801 1663 satis
818 1611 893 1663 est:
917 1616 1077 1685 namque
1093 1613 1203 1661 omne
1221 1605 1315 1683 quot
1331 1586 1434 1660 annis

232 1705 375 1798 Terque
390 1723 585 1799 quaterque
606 1707 726 1777 solum
745 1706 1006 1796 scindendum,
1034 1704 1209 1804 glebaque
1226 1703 1335 1776 tersis

230 1819 425 1913 Aetemum
446 1818 637 1918 frangenda
655 1820 864 1894 bidentibus
884 1851 892 1890 ι
923 1847 1033 1894 omne
1053 1820 1247 1891 levandum

231 1934 372 2007 Fronde
394 1959 523 2013 nemus
540 1966 549 2016 ;
568 1936 659 2008 redit
674 1937 838 2035 agricolis
856 1936 958 2007 labor
975 1956 1071 2009 actus
1089 1936 1127 2005 in
1144 1932 1290 2022 orb'em,
1356 1980 1360 1986 -

232 2050 352 2145 Atque
370 2052 408 2122 in
429 2076 465 2122 se
487 2075 549 2122 sua
569 2077 633 2146 per
648 2052 796 2149 vestigia
815 2051 972 2123 volvitur
990 2074 1115 2127 annus,
1180 2040 1188 2054 ⁰

232 2163 284 2238 Ac
299 2169 375 2263 jam
394 2166 485 2235 olim
505 2192 595 2238 seras
609 2167 736 2262 posuit
755 2191 871 2260 quom
890 2168 993 2239 vinea
1011 2165 1180 2256 frondes,

232 2280 393 2380 Frigidus
412 2300 448 2352 et
467 2283 564 2354 silvis
582 2281 718 2376 Aquilo
737 2281 892 2355 decussit
907 2284 1085 2354 honorem
1101 2312 1111 2362 ς

226 2393 311 2484 Jam
330 2417 411 2469 tum
431 2422 507 2467 acer
526 2421 623 2471 curas
641 2399 846 2469 venientem
864 2398 1025 2487 extendit
1045 2398 1083 2468 in
1103 2372 1245 2471 annum¹

231 2510 421 2600 Rusticus,
444 2530 479 2583 et
498 2538 604 2589 curvo
625 2510 763 2583 Saturni
783 2513 889 2585 dente
908 2515 1067 2586 relictam
1155 2508 1158 2513 ’

233 2625 456 2722 Persequitur
471 2629 583 2699 vitem
603 2627 827 2719 adtondens‚
853 2629 1029 2727 fingitque
1049 2624 1224 2722 putando·

233 2740 374 2813 Primus
390 2743 545 2813 humum
565 2742 702 2832 fodito,
722 2744 860 2837 primus
878 2742 1020 2814 devecta
1040 2759 1195 2814 cremato

233 2853 434 2945 Sarmenta,
457 2877 492 2929 et
510 2860 626 2929 vallos
644 2858 783 2952 primus
803 2856 871 2929 sub
888 2875 978 2931 tecta
995 2856 1141 2931 referto:

233 2969 596 3080 Postremustmetito.
636 2972 693 3045 bis
709 2970 844 3043 vitibus
861 2971 995 3068 ingruit
1012 2969 1138 3041 umbra
1155 2996 1167 3044 a

233 3082 294 3155 Bis
314 3099 468 3181 segetem
487 3085 606 3157 densis
624 3085 811 3157 obducunt
827 3084 987 3157 sentibus
1004 3082 1143 3157 herbae.

232 3197 355 3270 Durus
370 3217 520 3294 uterque
538 3198 648 3277 labor.
686 3200 831 3270 laudato
848 3199 1005 3297 ingentia
1022 3223 1115 3272 rura:

233 3313 414 3411 Exiguum
434 3315 556 3405 colito.
594 3340 660 3386 nec
679 3339 756 3386 non
774 3315 882 3387 etiam
900 3339 1019 3408 aspera
1039 3312 1129 3391 rusci

232 3426 384 3500 Vimina
403 3454 461 3523 per
485 3430 631 3520 silvam,
654 3448 689 3500 et
707 3429 793 3524 ripis
812 3427 966 3506 fluvialis
984 3427 1123 3500 arundo

233 3542 424 3632 Caeditur,
446 3545 644 3639 incultique
665 3562 801 3617 exercet
818 3568 899 3615 cura
918 3544 1043 3621 salicti,

227 3659 310 3750 Jam
327 3660 464 3730 vinctae
483 3660 595 3732 vites:
620 3663 697 3759 jam
715 3658 845 3733 falcem
862 3659 1003 3733 arbusta
1022 3674 1220 3754 reponuntt

227 3774 310 3864 Jam
328 3777 423 3845 canit
442 3773 564 3855 ellotus
583 3794 761 3847 extremos
778 3774 912 3849 vinitor
928 3794 1037 3847 antes.

103 3926 110 3963 ι
231 3888 463 3961 sollicitanda
482 3907 604 3961 tamen
618 3892 744 3980 tellus,
765 3890 958 3985 pulvisque
978 3887 1193 3965 movendus,

232 4002 279 4074 Et
292 4004 369 4101 jam
389 4004 536 4076 maturis
554 4003 770 4079 metuendus
785 4003 952 4099 Juppiter
971 4005 1058 4077 uvis.

289 4118 444 4209 Contra,
468 4112 545 4189 noir
566 4122 638 4189 ulla
658 4137 711 4192 est
733 4119 823 4191 oleis
842 4121 1005 4191 cultura:
1034 4145 1153 4215 neque
1171 4117 1253 4189 illae

232 4234 446 4304 Procurvam
466 4252 671 4328 exspectant
690 4233 818 4306 falcem
837 4252 1037 4332 rastrosque
1050 4254 1211 4325 tenaces,

232 4348 361 4453 Quom
380 4350 491 4420 semel
510 4348 696 4425 haeserunt
712 4350 824 4439 arvis,
842 4373 1012 4444 aurasque
1029 4352 1196 4423 tulerunt.

233 4462 317 4557 Ipsa
337 4463 418 4535 satis
438 4466 564 4554 tellus,
588 4490 705 4559 quom
726 4464 832 4539 dente
851 4465 1044 4539 recluditur
1058 4490 1179 4555 unco,

231 4574 364 4650 Sufficit
381 4579 590 4672 humorem,
611 4598 646 4651 et
662 4580 822 4680 gravidas
842 4605 927 4652 cum
946 4605 1092 4657 vomere
1109 4577 1236 4678 fruges,
1329 4658 1340 4675 ‚
