3750 6217
522 723 865 801 ECLOGA
923 712 954 799 Il
1011 752 1045 799 ν.
1096 729 1161 820 46.

684 890 1007 963 nerrsorus

242 1008 434 1083 Fortunate
454 1032 562 1083 senex
582 1011 591 1079 !
620 1034 704 1107 ergo
723 1027 785 1080 tua
802 1033 879 1079 rura
897 1007 1121 1098 manebunt,

244 1125 290 1198 Et
309 1126 376 1198 tibi
394 1151 524 1225 magna
545 1124 627 1198 satis
656 1153 664 1192 :
696 1122 860 1217 quamvis
879 1124 971 1217 lapis
991 1125 1116 1195 omnia
1138 1122 1284 1213 nudus,
1357 1172 1360 1185 ·

244 1238 471 1336 Limosoque
491 1243 596 1335 palus
616 1238 773 1311 obducat
791 1262 921 1333 pascua
937 1240 1072 1335 junco:

244 1353 332 1427 Non
353 1357 491 1429 insueta
510 1354 622 1454 gravis
641 1353 831 1426 tentabunt
849 1352 981 1448 pabula
998 1352 1111 1427 fetas:

242 1468 322 1541 Nec
348 1472 444 1541 mala
464 1470 573 1543 vicini
600 1470 739 1564 pecoris
761 1469 922 1566 contagia
946 1469 1096 1543 laedent.

244 1584 438 1657 Fortunate
457 1609 564 1658 senex
594 1587 602 1655 l
631 1581 688 1657 hic
707 1585 798 1655 inter
816 1582 968 1655 ssumina
988 1605 1099 1676 nota,

244 1699 291 1773 Et
310 1699 421 1773 fontis
440 1724 581 1790 sacros,
608 1698 718 1799 frigus
741 1698 900 1794 captabis
925 1723 1094 1794 opacum.

244 1813 341 1886 Hinc
360 1815 453 1906 tibi,
486 1840 578 1909 quae
607 1840 749 1910 semper
771 1813 891 1897 vicino
912 1815 958 1886 ab
982 1816 1099 1889 limite
1124 1841 1225 1913 sepes

244 1929 417 2025 Hyblaeis
439 1931 568 2026 apibus
593 1928 722 2002 florem
744 1930 891 2023 depasta
916 1931 1053 2021 salicti,

243 2045 357 2140 Saepe
380 2046 450 2116 levi
473 2070 647 2117 somnum
668 2045 831 2117 suadebit
851 2045 940 2131 inire
959 2071 1112 2118 susurro.

242 2160 339 2232 Hinc
360 2164 428 2233 alta
449 2161 515 2232 sub
536 2186 625 2254 rupe
645 2181 748 2232 canet
766 2159 952 2233 frondator
972 2161 1017 2230 ad
1040 2188 1164 2240 auras:

243 2275 321 2347 Nec
340 2295 462 2347 tamen
483 2276 611 2347 interea
629 2301 777 2365 raucae,
808 2297 869 2347 tua
886 2300 992 2364 cura,
1017 2278 1229 2370 palumbeS,

244 2390 322 2463 Nec
340 2415 480 2491 gernere
499 2391 590 2469 aeria
613 2391 763 2463 cessabit
778 2410 890 2462 turtur
908 2390 954 2460 ab
974 2393 1089 2464 ulm0.

722 2525 965 2577 T1TYuus

243 2614 339 2698 'Ante
358 2627 452 2697 leves
472 2649 554 2723 ergo
572 2640 760 2718 pascentur
779 2623 817 2692 in
837 2647 991 2715 aequore
1010 2625 1122 2715 cervi,

244 2740 291 2813 Et
311 2740 395 2813 freta
415 2741 608 2812 destituent
627 2739 747 2809 nudos
766 2738 805 2807 in
826 2740 928 2809 litore
948 2739 1080 2831 piscis:

244 2853 365 2945 Ante,
387 2855 568 2949 pererratis
590 2853 782 2923 amborum
802 2851 961 2940 finibus,
985 2854 1087 2924 exsul

245 2967 320 3038 Aut
339 2968 474 3037 Ararim
491 2967 639 3036 Parthus
658 2967 784 3054 bibet,
806 2986 867 3037 aut
887 2964 1079 3035 Germania
1098 2966 1262 3065 Tigrim,

246 3080 373 3187 Quam
397 3097 520 3149 nostro
546 3080 642 3150 illius
664 3080 800 3151 labatur
818 3098 963 3173 pectore
982 3081 1112 3150 voltus.

691 3212 1008 3266 MELIsoEU&

245 3302 296 3384 'At
318 3336 387 3383 nos
408 3310 493 3380 hinc
517 3310 577 3379 alii
605 3310 755 3381 sitientis
778 3309 912 3380 ibimus
931 3306 1056 3381 Afros:

246 3429 329 3501 Pars
348 3423 551 3520 Scythiam,
580 3444 614 3496 et
635 3424 803 3518 rapidum
817 3409 951 3495 vCretae
972 3426 1156 3497 veniemus
1175 3426 1326 3517 Oaxen,

244 3543 290 3616 Et
307 3542 450 3638 penitus
470 3558 548 3611 toto
569 3539 704 3612 divisos
723 3539 810 3613 orbe
830 3540 1027 3612 Britannos.

245 3659 301 3730 En
327 3679 503 3749 umquam
528 3655 662 3748 patrios
688 3655 801 3755 longo
828 3673 914 3751 post
940 3674 1106 3750 ternpore
1129 3656 1234 3748 finis,

247 3772 415 3867 Pauperis
434 3789 469 3841 et
488 3769 604 3868 tuguri
625 3790 837 3867 congestum
857 3771 991 3865 cespite
1011 3773 1179 3861 culmen,

247 3888 335 3964 Post
351 3887 513 3979 aliquot,
540 3910 621 3955 mea
639 3909 744 3981 regna
761 3886 912 3973 videns,
933 3884 1093 3956 mirabor
1111 3886 1263 3959 aristas?

247 4003 375 4096 Inpius
391 4001 476 4070 haec
495 4017 570 4070 tam
589 4002 683 4070 culta
701 4002 844 4071 novalia
863 4001 969 4071 miles
987 3999 1163 4074 habebit?

247 4116 415 4188 Barbarus
434 4116 496 4186 has
516 4134 647 4213 segetes
669 4115 685 4184 Ρ
714 4139 785 4204 en,
810 4141 884 4209 quo
906 4115 1084 4186 discordia
1104 4117 1191 4190 civis

248 4231 421 4303 Produxit
440 4229 589 4300 miseros
618 4232 625 4298 !
657 4254 724 4318 en,
745 4232 827 4323 quis
846 4232 1074 4317 consevimus
1092 4235 1217 4331 agros!

247 4347 366 4418 Insere
387 4368 505 4433 nunc,
532 4343 741 4433 Meliboee,
765 4346 888 4440 piros,
914 4370 1014 4439 pone
1033 4346 1157 4418 ordine
1174 4349 1265 4423 vitis.
1364 4385 1368 4392 ·

247 4461 301 4532 lte
321 4486 447 4550 meae,
474 4458 561 4529 felix
586 4460 773 4553 quondam
794 4486 929 4555 pecus,
952 4462 1001 4533 ite
1021 4465 1185 4557 capellae.

248 4574 335 4651 Non
360 4602 427 4681 ego
448 4601 515 4652 vos
535 4576 711 4673 posthac,
735 4576 838 4653 viridi
859 4580 1037 4681 projectus
1063 4579 1102 4651 in
1126 4598 1250 4671 antro,

1322 2489 1331 2519 l
