<?xml version="1.0" encoding="UTF-8"?>
<!DOCTYPE html PUBLIC "-//W3C//DTD XHTML 1.0 Transitional//EN"
    "http://www.w3.org/TR/xhtml1/DTD/xhtml1-transitional.dtd">
<html xmlns="http://www.w3.org/1999/xhtml" xml:lang="en" lang="en">
 <head>
  <title>
</title>
<meta http-equiv="Content-Type" content="text/html;charset=utf-8" />
  <meta name='ocr-system' content='tesseract 3.04.00' />
  <meta name='ocr-capabilities' content='ocr_page ocr_carea ocr_par ocr_line ocrx_word'/>
</head>
<body>
  <div class='ocr_page' id='page_1' title='image "./publiivirgiliim00brungoog/publiivirgiliim00brungoog_0199.png"; bbox 0 0 3750 6217; ppageno 0'>
   <div class='ocr_carea' id='block_1_1' title="bbox 379 878 1516 1074">
    <p class='ocr_par' dir='ltr' id='par_1_1' title="bbox 379 878 1646 1153">
     <span class='ocr_line' id='line_1_1' title="bbox 379 878 1516 1074; baseline -0.005 0"><span class='ocrx_word' id='word_1_1' title='bbox 379 878 1516 1074; x_wconf 67' lang='lat' dir='ltr'>Ar&#39;nraruos</span> 
     </span>
    </p>
   </div>
   <div class='ocr_carea' id='block_1_2' title="bbox 537 1255 1339 1384">
    <p class='ocr_par' dir='ltr' id='par_1_2' title="bbox 537 1255 1339 1384">
     <span class='ocr_line' id='line_1_2' title="bbox 537 1255 1339 1384; baseline -0.006 -22"><span class='ocrx_word' id='word_1_2' title='bbox 537 1259 809 1363; x_wconf 67' lang='lat' dir='ltr'>erasa</span> <span class='ocrx_word' id='word_1_3' title='bbox 879 1255 1339 1384; x_wconf 72' lang='lat' dir='ltr'>Quassus</span> 
     </span>
    </p>
   </div>
   <div class='ocr_carea' id='block_1_3' title="bbox 242 1570 1511 4667">
    <p class='ocr_par' dir='ltr' id='par_1_3' title="bbox 341 1570 1511 2592">
     <span class='ocr_line' id='line_1_3' title="bbox 341 1570 1167 1676; baseline -0.01 -23"><span class='ocrx_word' id='word_1_4' title='bbox 341 1570 421 1655; x_wconf 85' lang='grc' dir='ltr'>ΑΤ</span> <span class='ocrx_word' id='word_1_5' title='bbox 446 1574 564 1676; x_wconf 85' lang='lat' dir='ltr'>regina</span> <span class='ocrx_word' id='word_1_6' title='bbox 583 1573 678 1674; x_wconf 80' lang='lat' dir='ltr'>gravi</span> <span class='ocrx_word' id='word_1_7' title='bbox 693 1577 769 1674; x_wconf 88' lang='lat' dir='ltr'>jam</span> <span class='ocrx_word' id='word_1_8' title='bbox 789 1572 931 1645; x_wconf 87' lang='lat' dir='ltr'>dudum</span> <span class='ocrx_word' id='word_1_9' title='bbox 952 1571 1068 1645; x_wconf 89' lang='lat' dir='ltr'>sa&#39;ucia</span> <span class='ocrx_word' id='word_1_10' title='bbox 1086 1589 1167 1645; x_wconf 76' lang='lat' dir='ltr'>cura</span> 
     </span>
     <span class='ocr_line' id='line_1_4' title="bbox 341 1689 1162 1788; baseline -0.006 -24"><span class='ocrx_word' id='word_1_11' title='bbox 341 1691 489 1765; x_wconf 91' lang='lat' dir='ltr'>Volnus</span> <span class='ocrx_word' id='word_1_12' title='bbox 507 1693 570 1762; x_wconf 89' lang='lat' dir='ltr'>alit</span> <span class='ocrx_word' id='word_1_13' title='bbox 587 1692 704 1782; x_wconf 91' lang='lat' dir='ltr'>venis,</span> <span class='ocrx_word' id='word_1_14' title='bbox 731 1708 765 1762; x_wconf 90' lang='lat' dir='ltr'>et</span> <span class='ocrx_word' id='word_1_15' title='bbox 782 1713 887 1762; x_wconf 88' lang='lat' dir='ltr'>caeco</span> <span class='ocrx_word' id='word_1_16' title='bbox 907 1689 1061 1784; x_wconf 84' lang='lat' dir='ltr'>carpitur</span> <span class='ocrx_word' id='word_1_17' title='bbox 1077 1690 1162 1788; x_wconf 84' lang='lat' dir='ltr'><strong>igni.</strong></span> 
     </span>
     <span class='ocr_line' id='line_1_5' title="bbox 342 1801 1234 1898; baseline -0.004 -17"><span class='ocrx_word' id='word_1_18' title='bbox 342 1803 458 1881; x_wconf 86' lang='lat' dir='ltr'>Multa</span> <span class='ocrx_word' id='word_1_19' title='bbox 477 1807 542 1876; x_wconf 87' lang='lat' dir='ltr'>viri</span> <span class='ocrx_word' id='word_1_20' title='bbox 560 1807 669 1879; x_wconf 86' lang='lat' dir='ltr'>virtus</span> <span class='ocrx_word' id='word_1_21' title='bbox 687 1801 835 1894; x_wconf 84' lang='lat' dir='ltr'>animo,</span> <span class='ocrx_word' id='word_1_22' title='bbox 856 1805 1065 1898; x_wconf 88' lang='lat' dir='ltr'>multusque</span> <span class='ocrx_word' id='word_1_23' title='bbox 1085 1813 1234 1877; x_wconf 85' lang='lat' dir='ltr'>recursat</span> 
     </span>
     <span class='ocr_line' id='line_1_6' title="bbox 344 1903 1246 2014; baseline -0.002 -21"><span class='ocrx_word' id='word_1_24' title='bbox 344 1918 472 1994; x_wconf 82' lang='lat' dir='ltr'>Gentis</span> <span class='ocrx_word' id='word_1_25' title='bbox 491 1921 621 1994; x_wconf 91' lang='lat' dir='ltr'><strong>honos.</strong></span> <span class='ocrx_word' id='word_1_26' title='bbox 658 1912 802 1992; x_wconf 80' lang='lat' dir='ltr'><strong>haerent</strong></span> <span class='ocrx_word' id='word_1_27' title='bbox 822 1903 921 1991; x_wconf 82' lang='lat' dir='ltr'>infixi</span> <span class='ocrx_word' id='word_1_28' title='bbox 942 1929 1085 2014; x_wconf 80' lang='lat' dir='ltr'>pectore</span> <span class='ocrx_word' id='word_1_29' title='bbox 1100 1921 1246 2009; x_wconf 89' lang='lat' dir='ltr'>voltus,</span> 
     </span>
     <span class='ocr_line' id='line_1_7' title="bbox 343 2022 1422 2132; baseline -0.005 -23"><span class='ocrx_word' id='word_1_30' title='bbox 343 2022 537 2130; x_wconf 80' lang='lat' dir='ltr'>Verbaque</span> <span class='ocrx_word' id='word_1_31' title='bbox 563 2064 571 2107; x_wconf 78' lang='lat' dir='ltr'><strong><em>z</em></strong></span> <span class='ocrx_word' id='word_1_32' title='bbox 600 2049 667 2108; x_wconf 80' lang='lat' dir='ltr'>nec</span> <span class='ocrx_word' id='word_1_33' title='bbox 683 2025 863 2132; x_wconf 84' lang='lat' dir='ltr'><strong>placidam</strong></span> <span class='ocrx_word' id='word_1_34' title='bbox 884 2028 1057 2107; x_wconf 84' lang='lat' dir='ltr'>membris</span> <span class='ocrx_word' id='word_1_35' title='bbox 1073 2034 1135 2107; x_wconf 79' lang='lat' dir='ltr'>dat</span> <span class='ocrx_word' id='word_1_36' title='bbox 1153 2058 1234 2106; x_wconf 90' lang='lat' dir='ltr'>cura</span> <span class='ocrx_word' id='word_1_37' title='bbox 1254 2034 1422 2128; x_wconf 67' lang='lat' dir='ltr'>quietema</span> 
     </span>
     <span class='ocr_line' id='line_1_8' title="bbox 345 2141 1194 2245; baseline -0.002 -21"><span class='ocrx_word' id='word_1_38' title='bbox 345 2153 490 2224; x_wconf 86' lang='lat' dir='ltr'>Postera</span> <span class='ocrx_word' id='word_1_39' title='bbox 507 2147 673 2222; x_wconf 87' lang='lat' dir='ltr'>Phoebea</span> <span class='ocrx_word' id='word_1_40' title='bbox 694 2141 860 2223; x_wconf 88' lang='lat' dir='ltr'>lustrabat</span> <span class='ocrx_word' id='word_1_41' title='bbox 879 2149 1048 2245; x_wconf 80' lang='lat' dir='ltr'>lampade</span> <span class='ocrx_word' id='word_1_42' title='bbox 1067 2166 1194 2240; x_wconf 90' lang='lat' dir='ltr'>terras,</span> 
     </span>
     <span class='ocr_line' id='line_1_9' title="bbox 345 2260 1331 2362; baseline -0.004 -22"><span class='ocrx_word' id='word_1_43' title='bbox 345 2261 642 2360; x_wconf 90' lang='lat' dir='ltr'>Humentemque</span> <span class='ocrx_word' id='word_1_44' title='bbox 659 2263 793 2338; x_wconf 84' lang='lat' dir='ltr'>Aurora</span> <span class='ocrx_word' id='word_1_45' title='bbox 812 2266 903 2362; x_wconf 93' lang='lat' dir='ltr'>polo</span> <span class='ocrx_word' id='word_1_46' title='bbox 927 2265 1124 2339; x_wconf 81' lang='lat' dir='ltr'>dimoverat</span> <span class='ocrx_word' id='word_1_47' title='bbox 1141 2260 1307 2336; x_wconf 86' lang='lat' dir='ltr'>umbram</span> <span class='ocrx_word' id='word_1_48' title='bbox 1322 2294 1331 2346; x_wconf 86' lang='lat'><strong>;</strong></span> 
     </span>
     <span class='ocr_line' id='line_1_10' title="bbox 346 2379 1415 2489; baseline -0.003 -37"><span class='ocrx_word' id='word_1_49' title='bbox 346 2382 476 2489; x_wconf 78' lang='lat' dir='ltr'>Quom</span> <span class='ocrx_word' id='word_1_50' title='bbox 494 2379 543 2453; x_wconf 91' lang='lat' dir='ltr'>slc</span> <span class='ocrx_word' id='word_1_51' title='bbox 562 2382 771 2453; x_wconf 82' lang='lat' dir='ltr'>unanimam</span> <span class='ocrx_word' id='word_1_52' title='bbox 791 2380 998 2476; x_wconf 82' lang='lat' dir='ltr'>adloqullut</span> <span class='ocrx_word' id='word_1_53' title='bbox 1016 2384 1111 2453; x_wconf 92' lang='lat' dir='ltr'>male</span> <span class='ocrx_word' id='word_1_54' title='bbox 1132 2397 1214 2454; x_wconf 83' lang='lat' dir='ltr'>sana</span> <span class='ocrx_word' id='word_1_55' title='bbox 1233 2389 1415 2452; x_wconf 86' lang='lat' dir='ltr'>sororem:</span> 
     </span>
     <span class='ocr_line' id='line_1_11' title="bbox 404 2494 1511 2592; baseline -0.003 -25"><span class='ocrx_word' id='word_1_56' title='bbox 404 2494 509 2567; x_wconf 88' lang='lat' dir='ltr'>Anna</span> <span class='ocrx_word' id='word_1_57' title='bbox 527 2521 646 2587; x_wconf 91' lang='lat' dir='ltr'>soror,</span> <span class='ocrx_word' id='word_1_58' title='bbox 662 2513 770 2590; x_wconf 71' lang='lat' dir='ltr'>&#39;quae</span> <span class='ocrx_word' id='word_1_59' title='bbox 791 2507 851 2569; x_wconf 80' lang='lat' dir='ltr'>me</span> <span class='ocrx_word' id='word_1_60' title='bbox 874 2505 1082 2592; x_wconf 72' lang='lat' dir='ltr'>suspensam</span> <span class='ocrx_word' id='word_1_61' title='bbox 1108 2495 1288 2570; x_wconf 84' lang='lat' dir='ltr'>insomnia</span> <span class='ocrx_word' id='word_1_62' title='bbox 1312 2494 1464 2567; x_wconf 84' lang='lat' dir='ltr'>terrent!</span> <span class='ocrx_word' id='word_1_63' title='bbox 1509 2503 1511 2508; x_wconf 87' lang='grc'><strong>’</strong></span> 
     </span>
    </p>

    <p class='ocr_par' dir='ltr' id='par_1_4' title="bbox 342 2611 1442 3742">
     <span class='ocr_line' id='line_1_12' title="bbox 346 2611 1324 2719; baseline -0.005 -36"><span class='ocrx_word' id='word_1_64' title='bbox 346 2611 444 2719; x_wconf 75' lang='lat' dir='ltr'>Quis</span> <span class='ocrx_word' id='word_1_65' title='bbox 463 2635 579 2685; x_wconf 91' lang='lat' dir='ltr'>novus</span> <span class='ocrx_word' id='word_1_66' title='bbox 596 2613 655 2684; x_wconf 91' lang='lat' dir='ltr'>hic</span> <span class='ocrx_word' id='word_1_67' title='bbox 674 2612 805 2685; x_wconf 76' lang='lat' dir='ltr'>nostris</span> <span class='ocrx_word' id='word_1_68' title='bbox 824 2612 990 2686; x_wconf 88' lang='lat' dir='ltr'>successit</span> <span class='ocrx_word' id='word_1_69' title='bbox 1007 2611 1150 2686; x_wconf 82' lang='lat' dir='ltr'>sedibus</span> <span class='ocrx_word' id='word_1_70' title='bbox 1170 2612 1324 2705; x_wconf 87' lang='lat' dir='ltr'>hospes!</span> 
     </span>
     <span class='ocr_line' id='line_1_13' title="bbox 346 2717 1442 2833; baseline -0.005 -34"><span class='ocrx_word' id='word_1_71' title='bbox 346 2726 477 2833; x_wconf 76' lang='lat' dir='ltr'>Querar</span> <span class='ocrx_word' id='word_1_72' title='bbox 491 2739 564 2801; x_wconf 84' lang='lat' dir='ltr'>sese</span> <span class='ocrx_word' id='word_1_73' title='bbox 583 2753 642 2800; x_wconf 89' lang='lat' dir='ltr'>ore</span> <span class='ocrx_word' id='word_1_74' title='bbox 662 2726 776 2801; x_wconf 77' lang='lat' dir='ltr'>ferens</span> <span class='ocrx_word' id='word_1_75' title='bbox 797 2717 804 2797; x_wconf 82' lang='lat' dir='ltr'>l</span> <span class='ocrx_word' id='word_1_76' title='bbox 836 2749 948 2822; x_wconf 88' lang='lat' dir='ltr'>quam</span> <span class='ocrx_word' id='word_1_77' title='bbox 968 2725 1050 2800; x_wconf 88' lang='lat' dir='ltr'>forti</span> <span class='ocrx_word' id='word_1_78' title='bbox 1069 2740 1235 2823; x_wconf 85' lang='lat' dir='ltr'>pectore,</span> <span class='ocrx_word' id='word_1_79' title='bbox 1259 2743 1294 2798; x_wconf 88' lang='lat' dir='ltr'>et</span> <span class='ocrx_word' id='word_1_80' title='bbox 1314 2725 1442 2798; x_wconf 87' lang='lat' dir='ltr'>armis!</span> 
     </span>
     <span class='ocr_line' id='line_1_14' title="bbox 347 2841 1409 2941; baseline -0.002 -28"><span class='ocrx_word' id='word_1_81' title='bbox 347 2842 467 2915; x_wconf 83' lang='lat' dir='ltr'>Credo</span> <span class='ocrx_word' id='word_1_82' title='bbox 489 2844 679 2938; x_wconf 88' lang='lat' dir='ltr'>equidem,</span> <span class='ocrx_word' id='word_1_83' title='bbox 699 2863 767 2915; x_wconf 88' lang='lat' dir='ltr'>nec</span> <span class='ocrx_word' id='word_1_84' title='bbox 785 2850 875 2915; x_wconf 87' lang='lat' dir='ltr'>&#39;vana</span> <span class='ocrx_word' id='word_1_85' title='bbox 892 2841 1004 2932; x_wconf 88' lang='lat' dir='ltr'>fides,</span> <span class='ocrx_word' id='word_1_86' title='bbox 1028 2864 1140 2941; x_wconf 90' lang='lat' dir='ltr'>genus</span> <span class='ocrx_word' id='word_1_87' title='bbox 1156 2852 1231 2915; x_wconf 83' lang='lat' dir='ltr'>esse</span> <span class='ocrx_word' id='word_1_88' title='bbox 1248 2841 1409 2913; x_wconf 89' lang='lat' dir='ltr'>deorum.</span> 
     </span>
     <span class='ocr_line' id='line_1_15' title="bbox 347 2955 1347 3059; baseline -0.002 -29"><span class='ocrx_word' id='word_1_89' title='bbox 347 2955 549 3058; x_wconf 83' lang='lat' dir='ltr'>Degeneres</span> <span class='ocrx_word' id='word_1_90' title='bbox 568 2962 711 3032; x_wconf 90' lang='lat' dir='ltr'>animos</span> <span class='ocrx_word' id='word_1_91' title='bbox 729 2960 838 3032; x_wconf 89' lang='lat' dir='ltr'>timor</span> <span class='ocrx_word' id='word_1_92' title='bbox 856 2959 979 3059; x_wconf 79' lang='lat' dir='ltr'>arguit.</span> <span class='ocrx_word' id='word_1_93' title='bbox 1019 2957 1113 3048; x_wconf 86' lang='lat' dir='ltr'>heu,</span> <span class='ocrx_word' id='word_1_94' title='bbox 1137 2956 1269 3052; x_wconf 83' lang='lat' dir='ltr'>quibus</span> <span class='ocrx_word' id='word_1_95' title='bbox 1287 2958 1347 3028; x_wconf 87' lang='lat' dir='ltr'>ille</span> 
     </span>
     <span class='ocr_line' id='line_1_16' title="bbox 342 3061 1242 3169; baseline -0.003 -24"><span class='ocrx_word' id='word_1_96' title='bbox 342 3061 499 3163; x_wconf 66' lang='lat' dir='ltr'>jactatus</span> <span class='ocrx_word' id='word_1_97' title='bbox 518 3074 596 3147; x_wconf 89' lang='lat' dir='ltr'>fatis</span> <span class='ocrx_word' id='word_1_98' title='bbox 622 3077 629 3146; x_wconf 92' lang='lat'>!</span> <span class='ocrx_word' id='word_1_99' title='bbox 660 3081 751 3169; x_wconf 83' lang='lat' dir='ltr'>q&#39;uae</span> <span class='ocrx_word' id='word_1_100' title='bbox 769 3073 864 3147; x_wconf 92' lang='lat' dir='ltr'>bella</span> <span class='ocrx_word' id='word_1_101' title='bbox 885 3073 1053 3147; x_wconf 74' lang='lat' dir='ltr'>exhauSta</span> <span class='ocrx_word' id='word_1_102' title='bbox 1073 3070 1242 3147; x_wconf 89' lang='lat' dir='ltr'>canebat!</span> 
     </span>
     <span class='ocr_line' id='line_1_17' title="bbox 347 3175 1312 3283; baseline 0.002 -23"><span class='ocrx_word' id='word_1_103' title='bbox 347 3187 385 3260; x_wconf 88' lang='lat' dir='ltr'>Si</span> <span class='ocrx_word' id='word_1_104' title='bbox 401 3177 490 3258; x_wconf 91' lang='lat' dir='ltr'>mihi</span> <span class='ocrx_word' id='word_1_105' title='bbox 509 3213 585 3259; x_wconf 91' lang='lat' dir='ltr'>non</span> <span class='ocrx_word' id='word_1_106' title='bbox 604 3188 728 3261; x_wconf 87' lang='lat' dir='ltr'>anllno</span> <span class='ocrx_word' id='word_1_107' title='bbox 747 3191 861 3262; x_wconf 69' lang='lat' dir='ltr'>finum</span> <span class='ocrx_word' id='word_1_108' title='bbox 882 3175 1140 3283; x_wconf 84' lang='lat' dir='ltr'>inmotumque</span> <span class='ocrx_word' id='word_1_109' title='bbox 1160 3188 1312 3281; x_wconf 75' lang='lat' dir='ltr'>sederet,</span> 
     </span>
     <span class='ocr_line' id='line_1_18' title="bbox 347 3301 1153 3402; baseline 0.002 -31"><span class='ocrx_word' id='word_1_110' title='bbox 347 3301 405 3371; x_wconf 92' lang='lat' dir='ltr'>Ne</span> <span class='ocrx_word' id='word_1_111' title='bbox 425 3303 482 3373; x_wconf 88' lang='lat' dir='ltr'>cui</span> <span class='ocrx_word' id='word_1_112' title='bbox 502 3319 562 3373; x_wconf 85' lang='lat' dir='ltr'>rne</span> <span class='ocrx_word' id='word_1_113' title='bbox 580 3304 701 3374; x_wconf 82' lang='lat' dir='ltr'>vinclo</span> <span class='ocrx_word' id='word_1_114' title='bbox 722 3307 853 3375; x_wconf 83' lang='lat' dir='ltr'>v&#39;ellern</span> <span class='ocrx_word' id='word_1_115' title='bbox 874 3305 1004 3376; x_wconf 81' lang='lat' dir='ltr'>sociare</span> <span class='ocrx_word' id='word_1_116' title='bbox 1018 3303 1153 3402; x_wconf 86' lang='lat' dir='ltr'>jugali,</span> 
     </span>
     <span class='ocr_line' id='line_1_19' title="bbox 348 3407 1338 3513; baseline 0.004 -28"><span class='ocrx_word' id='word_1_117' title='bbox 348 3416 548 3510; x_wconf 85' lang='lat' dir='ltr'>Postquam</span> <span class='ocrx_word' id='word_1_118' title='bbox 566 3407 703 3512; x_wconf 88' lang='lat' dir='ltr'>primus</span> <span class='ocrx_word' id='word_1_119' title='bbox 723 3443 825 3489; x_wconf 86' lang='lat' dir='ltr'>amor</span> <span class='ocrx_word' id='word_1_120' title='bbox 844 3417 1032 3513; x_wconf 79' lang='lat' dir='ltr'>deceptam</span> <span class='ocrx_word' id='word_1_121' title='bbox 1053 3429 1168 3488; x_wconf 84' lang='lat' dir='ltr'>morte</span> <span class='ocrx_word' id='word_1_122' title='bbox 1188 3413 1338 3489; x_wconf 86' lang='lat' dir='ltr'>fefellit:</span> 
     </span>
     <span class='ocr_line' id='line_1_20' title="bbox 349 3529 1248 3625; baseline 0 -24"><span class='ocrx_word' id='word_1_123' title='bbox 349 3529 386 3601; x_wconf 87' lang='lat' dir='ltr'>Si</span> <span class='ocrx_word' id='word_1_124' title='bbox 405 3556 481 3601; x_wconf 90' lang='lat' dir='ltr'>non</span> <span class='ocrx_word' id='word_1_125' title='bbox 504 3551 704 3625; x_wconf 87' lang='lat' dir='ltr'>pertaesum</span> <span class='ocrx_word' id='word_1_126' title='bbox 721 3534 868 3603; x_wconf 85' lang='lat' dir='ltr'>thalami</span> <span class='ocrx_word' id='word_1_127' title='bbox 887 3533 1083 3625; x_wconf 88' lang='lat' dir='ltr'>taedaeque</span> <span class='ocrx_word' id='word_1_128' title='bbox 1100 3530 1248 3608; x_wconf 87' lang='lat' dir='ltr'>fuisset;</span> 
     </span>
     <span class='ocr_line' id='line_1_21' title="bbox 349 3638 1187 3742; baseline 0 -26"><span class='ocrx_word' id='word_1_129' title='bbox 349 3638 444 3717; x_wconf 88' lang='lat' dir='ltr'>Huic</span> <span class='ocrx_word' id='word_1_130' title='bbox 461 3646 525 3718; x_wconf 90' lang='lat' dir='ltr'>uni</span> <span class='ocrx_word' id='word_1_131' title='bbox 543 3646 662 3720; x_wconf 83' lang='lat' dir='ltr'>forsan</span> <span class='ocrx_word' id='word_1_132' title='bbox 680 3647 784 3742; x_wconf 90' lang='lat' dir='ltr'>potui</span> <span class='ocrx_word' id='word_1_133' title='bbox 806 3638 1035 3721; x_wconf 84' lang='lat' dir='ltr'>succumbere</span> <span class='ocrx_word' id='word_1_134' title='bbox 1052 3649 1187 3740; x_wconf 88' lang='lat' dir='ltr'>culpae.</span> 
     </span>
    </p>

    <p class='ocr_par' dir='ltr' id='par_1_5' title="bbox 242 3756 1435 4667">
     <span class='ocr_line' id='line_1_22' title="bbox 242 3756 1280 3858; baseline -0.004 -24"><span class='ocrx_word' id='word_1_135' title='bbox 242 3837 244 3841; x_wconf 67' lang='grc'>,</span> <span class='ocrx_word' id='word_1_136' title='bbox 348 3759 478 3851; x_wconf 85' lang='lat' dir='ltr'>Anna,</span> <span class='ocrx_word' id='word_1_137' title='bbox 498 3761 636 3836; x_wconf 88' lang='lat' dir='ltr'>fatebor</span> <span class='ocrx_word' id='word_1_138' title='bbox 656 3764 774 3842; x_wconf 89' lang='lat' dir='ltr'>enim;</span> <span class='ocrx_word' id='word_1_139' title='bbox 805 3762 923 3835; x_wconf 87' lang='lat' dir='ltr'>miseri</span> <span class='ocrx_word' id='word_1_140' title='bbox 943 3779 1028 3858; x_wconf 90' lang='lat' dir='ltr'>post</span> <span class='ocrx_word' id='word_1_141' title='bbox 1046 3761 1115 3834; x_wconf 90' lang='lat' dir='ltr'>fata</span> <span class='ocrx_word' id='word_1_142' title='bbox 1134 3756 1280 3857; x_wconf 87' lang='lat' dir='ltr'>Sychaei</span> 
     </span>
     <span class='ocr_line' id='line_1_23' title="bbox 350 3875 1232 3977; baseline 0.003 -30"><span class='ocrx_word' id='word_1_143' title='bbox 350 3877 545 3977; x_wconf 83' lang='lat' dir='ltr'>Conjugis,</span> <span class='ocrx_word' id='word_1_144' title='bbox 568 3898 603 3951; x_wconf 87' lang='lat' dir='ltr'>et</span> <span class='ocrx_word' id='word_1_145' title='bbox 622 3904 761 3974; x_wconf 88' lang='lat' dir='ltr'>sparsos</span> <span class='ocrx_word' id='word_1_146' title='bbox 778 3875 926 3951; x_wconf 86' lang='lat' dir='ltr'>fraterna</span> <span class='ocrx_word' id='word_1_147' title='bbox 945 3877 1050 3949; x_wconf 89' lang='lat' dir='ltr'>caede</span> <span class='ocrx_word' id='word_1_148' title='bbox 1070 3877 1232 3966; x_wconf 85' lang='lat' dir='ltr'>Penatis,</span> 
     </span>
     <span class='ocr_line' id='line_1_24' title="bbox 349 3981 1306 4087; baseline -0.001 -24"><span class='ocrx_word' id='word_1_149' title='bbox 349 3989 455 4065; x_wconf 88' lang='lat' dir='ltr'>Solus</span> <span class='ocrx_word' id='word_1_150' title='bbox 473 3995 530 4064; x_wconf 77' lang='lat' dir='ltr'>hic</span> <span class='ocrx_word' id='word_1_151' title='bbox 549 3994 685 4065; x_wconf 90' lang='lat' dir='ltr'>inflexit</span> <span class='ocrx_word' id='word_1_152' title='bbox 705 4011 845 4083; x_wconf 79' lang='lat' dir='ltr'>sensus,</span> <span class='ocrx_word' id='word_1_153' title='bbox 867 3981 1105 4087; x_wconf 82' lang='lat' dir='ltr'>animumque</span> <span class='ocrx_word' id='word_1_154' title='bbox 1126 3993 1306 4066; x_wconf 89' lang='lat' dir='ltr'>labantem</span> 
     </span>
     <span class='ocr_line' id='line_1_25' title="bbox 351 4103 1228 4208; baseline 0.005 -31"><span class='ocrx_word' id='word_1_155' title='bbox 351 4106 501 4202; x_wconf 89' lang='lat' dir='ltr'>Inpulit.</span> <span class='ocrx_word' id='word_1_156' title='bbox 543 4109 724 4206; x_wconf 82' lang='lat' dir='ltr'>adgnosco</span> <span class='ocrx_word' id='word_1_157' title='bbox 742 4109 868 4180; x_wconf 85' lang='lat' dir='ltr'>veteris</span> <span class='ocrx_word' id='word_1_158' title='bbox 884 4109 1030 4208; x_wconf 83' lang='lat' dir='ltr'>vestigia</span> <span class='ocrx_word' id='word_1_159' title='bbox 1050 4103 1228 4181; x_wconf 87' lang='lat' dir='ltr'>flammae.</span> 
     </span>
     <span class='ocr_line' id='line_1_26' title="bbox 349 4215 1276 4318; baseline 0.003 -28"><span class='ocrx_word' id='word_1_160' title='bbox 349 4215 420 4291; x_wconf 79' lang='lat' dir='ltr'>Sed</span> <span class='ocrx_word' id='word_1_161' title='bbox 439 4220 528 4291; x_wconf 91' lang='lat' dir='ltr'>mihi</span> <span class='ocrx_word' id='word_1_162' title='bbox 543 4227 600 4293; x_wconf 87' lang='lat' dir='ltr'>vel</span> <span class='ocrx_word' id='word_1_163' title='bbox 620 4226 726 4296; x_wconf 89' lang='lat' dir='ltr'>tellus</span> <span class='ocrx_word' id='word_1_164' title='bbox 746 4242 871 4318; x_wconf 87' lang='lat' dir='ltr'>optem</span> <span class='ocrx_word' id='word_1_165' title='bbox 892 4220 991 4318; x_wconf 87' lang='lat' dir='ltr'>prius</span> <span class='ocrx_word' id='word_1_166' title='bbox 1010 4227 1081 4295; x_wconf 86' lang='lat' dir='ltr'>ima</span> <span class='ocrx_word' id='word_1_167' title='bbox 1102 4225 1276 4313; x_wconf 88' lang='lat' dir='ltr'>dehiscat,</span> 
     </span>
     <span class='ocr_line' id='line_1_27' title="bbox 349 4333 1435 4437; baseline 0.007 -32"><span class='ocrx_word' id='word_1_168' title='bbox 349 4333 423 4406; x_wconf 91' lang='lat' dir='ltr'>Vel</span> <span class='ocrx_word' id='word_1_169' title='bbox 442 4356 541 4430; x_wconf 87' lang='lat' dir='ltr'>pater</span> <span class='ocrx_word' id='word_1_170' title='bbox 561 4340 796 4435; x_wconf 89' lang='lat' dir='ltr'>omnipotens</span> <span class='ocrx_word' id='word_1_171' title='bbox 815 4340 933 4437; x_wconf 85' lang='lat' dir='ltr'>adigat</span> <span class='ocrx_word' id='word_1_172' title='bbox 952 4366 1012 4412; x_wconf 89' lang='lat' dir='ltr'>me</span> <span class='ocrx_word' id='word_1_173' title='bbox 1032 4340 1186 4411; x_wconf 86' lang='lat' dir='ltr'>fulmine</span> <span class='ocrx_word' id='word_1_174' title='bbox 1206 4338 1251 4408; x_wconf 94' lang='lat' dir='ltr'>ad</span> <span class='ocrx_word' id='word_1_175' title='bbox 1271 4340 1435 4430; x_wconf 86' lang='lat' dir='ltr'>umbras,</span> 
     </span>
     <span class='ocr_line' id='line_1_28' title="bbox 348 4449 1345 4549; baseline 0.002 -28"><span class='ocrx_word' id='word_1_176' title='bbox 348 4449 527 4524; x_wconf 88' lang='lat' dir='ltr'>Pallentes</span> <span class='ocrx_word' id='word_1_177' title='bbox 544 4454 688 4527; x_wconf 85' lang='lat' dir='ltr'>umbras</span> <span class='ocrx_word' id='word_1_178' title='bbox 708 4451 812 4524; x_wconf 86' lang='lat' dir='ltr'>Erebi</span> <span class='ocrx_word' id='word_1_179' title='bbox 830 4507 841 4543; x_wconf 95' lang='lat'>,</span> <span class='ocrx_word' id='word_1_180' title='bbox 864 4474 1084 4549; x_wconf 87' lang='lat' dir='ltr'>noctemque</span> <span class='ocrx_word' id='word_1_181' title='bbox 1102 4453 1345 4548; x_wconf 85' lang='lat' dir='ltr'>profundam,</span> 
     </span>
     <span class='ocr_line' id='line_1_29' title="bbox 349 4564 1408 4667; baseline 0.002 -29"><span class='ocrx_word' id='word_1_182' title='bbox 349 4564 464 4661; x_wconf 85' lang='lat' dir='ltr'>Ante,</span> <span class='ocrx_word' id='word_1_183' title='bbox 494 4566 641 4661; x_wconf 84' lang='lat' dir='ltr'>Pudor,</span> <span class='ocrx_word' id='word_1_184' title='bbox 663 4595 773 4665; x_wconf 86' lang='lat' dir='ltr'>quam</span> <span class='ocrx_word' id='word_1_185' title='bbox 794 4587 829 4643; x_wconf 87' lang='lat' dir='ltr'>te</span> <span class='ocrx_word' id='word_1_186' title='bbox 849 4570 974 4661; x_wconf 78' lang='lat' dir='ltr'>viole,</span> <span class='ocrx_word' id='word_1_187' title='bbox 1003 4588 1065 4644; x_wconf 86' lang='lat' dir='ltr'>aut</span> <span class='ocrx_word' id='word_1_188' title='bbox 1085 4588 1143 4642; x_wconf 87' lang='lat' dir='ltr'>tua</span> <span class='ocrx_word' id='word_1_189' title='bbox 1157 4571 1238 4667; x_wconf 83' lang='lat' dir='ltr'>jura</span> <span class='ocrx_word' id='word_1_190' title='bbox 1258 4571 1408 4644; x_wconf 76' lang='lat' dir='ltr'>resolvo.</span> 
     </span>
    </p>
   </div>
   <div class='ocr_carea' id='block_1_4' title="bbox 0 0 1898 6212">
    <p class='ocr_par' dir='ltr' id='par_1_6' title="bbox 0 0 1898 6212">
     <span class='ocr_line' id='line_1_30' title="bbox 0 0 1898 6212; baseline 0 0"><span class='ocrx_word' id='word_1_191' title='bbox 0 0 1898 6212; x_wconf 95' lang='lat' dir='ltr'> </span> 
     </span>
    </p>
   </div>
  </div>
 </body>
</html>
