3750 6217
379 697 456 782 212
581 679 1028 761 Aruernos
1087 687 1165 764 rx.
1219 700 1246 760 v
1308 705 1373 782 ar»

375 852 568 925 Mortaline
584 877 696 926 manu
716 854 826 926 factae
846 855 1036 925 inmortale
1057 854 1194 925 carinae

376 969 442 1040 Fas
459 968 612 1040 habeant
633 974 649 1040 Ρ
679 973 864 1063 cet'tusque
885 970 1014 1040 incerta
1035 969 1190 1063 pericula
1208 969 1330 1042 lustret

375 1081 545 1156 Aeneas?
574 1085 633 1155 cui
648 1103 746 1156 tanta
762 1086 831 1155 deo
851 1085 1021 1178 permissa
1040 1096 1197 1178 potestas
1213 1084 1229 1152 ?

272 1201 280 1218 ⁸
378 1194 526 1289 Iinrn'o,
546 1191 610 1271 ubi
630 1198 819 1272 defunctae
840 1195 949 1270 linem
971 1217 1170 1293 portusque
1188 1194 1365 1268 tenebunt

113 5217 327 5606 q

377 1314 583 1402 Ausonios,
603 1315 693 1384 olim
714 1323 966 1409 quaecumque
986 1314 1131 1384 evaserit
1149 1313 1282 1399 undas,

380 1419 675 1523 Dardaniumque
696 1429 825 1501 ducem
844 1429 1031 1500 Laurentia
1051 1430 1181 1500 vexerit
1201 1452 1300 1528 arva,

379 1539 571 1614 Mortalem
591 1546 740 1639 eripiam
766 1544 947 1633 formam,
969 1546 1164 1642 magnique
1177 1540 1318 1641 jubebo

379 1653 556 1750 Aequoris
575 1677 649 1730 esse
667 1660 751 1730 deas
774 1679 782 1730 t
813 1661 937 1753 quales
957 1658 1081 1730 Nereia
1102 1658 1203 1730 Doto

367 1756 426 1842 ‘lit
446 1771 590 1844 Galatea
609 1793 725 1845 secant
746 1777 974 1869 spumantem
995 1794 1138 1870 pectore
1155 1790 1326 1868 pontumr

381 1871 551 1988 Dixerat:
581 1889 692 1983 idque
711 1907 826 1961 ratum
846 1889 959 1987 Stygii
978 1915 1042 1983 per
1061 1889 1212 1959 flumina
1232 1885 1367 1977 fratria,

383 1989 449 2073 Per
467 1988 546 2098 pice
566 2006 729 2076 torrentis
749 2010 895 2099 atraque
912 2005 1080 2102 voragine
1101 2005 1195 2097 ripas

380 2102 541 2207 Adnuit,
562 2138 598 2190 et
613 2122 734 2190 totum
752 2139 843 2190 nutu
863 2120 1058 2190 tremefecit
1076 2120 1293 2213 Olympum.

440 2232 532 2332 Ergo
554 2235 670 2305 aderat
689 2236 865 2328 promissa
880 2234 975 2321 dies,
997 2252 1032 2305 et
1051 2248 1215 2328 tempora
1234 2233 1357 2303 Parcae

383 2334 514 2420 Debita
532 2351 763 2443 conplemnt,
787 2356 903 2442 qn'om
921 2334 1038 2419 Turni
1059 2351 1184 2448 injuria
1201 2348 1353 2418 Matrem

382 2455 587 2535 Admonuit
603 2463 736 2536 ratibus
756 2466 858 2536 sacris
878 2464 1056 2560 depellere
1075 2465 1202 2536 taedas.

383 2565 453 2648 Hic
471 2574 631 2673 primunr
651 2604 746 2650 nova
764 2582 827 2650 ltnr
845 2580 959 2651 oculis
980 2580 1133 2670 ndulsit,
1154 2599 1190 2651 et
1209 2580 1336 2677 ingens

383 2677 496 2766 Visus
515 2694 560 2764 ab
578 2692 713 2765 Aurora
729 2696 873 2765 coelum
890 2708 1118 2766 transcurrere
1135 2695 1300 2782 nimbus,

383 2807 557 2901 Idaeique
577 2809 674 2879 chori
698 2836 706 2877 ι
734 2828 814 2880 tum
834 2834 907 2880 vox
925 2811 1100 2880 horrenda
1116 2831 1179 2904 per
1196 2834 1295 2880 auras
1362 2904 1365 2910 .

384 2913 548 3013 Exciditr
569 2941 605 2995 et
623 2921 765 2996 Troum
786 2923 1082 3018 Rutulorumque
1098 2927 1241 3023 agmina
1256 2924 1424 3018 conplet:

385 3037 441 3109 Ne
458 3039 631 3133 trepidate
650 3056 774 3138 meaa,
797 3038 948 3129 Teucri,
974 3038 1165 3110 defendere
1182 3040 1303 3127 narb,

385 3146 484 3224 Neve
503 3173 635 3225 armato
649 3178 776 3226 manus
798 3182 805 3222 :
832 3157 940 3225 maria
961 3168 1041 3224 ante
1061 3179 1202 3226 exurere
1222 3132 1373 3242 Turno,

386 3261 510 3372 Quam
532 3292 641 3339 sacras
662 3266 803 3358 dabitur
822 3261 940 3363 pinus.
980 3295 1047 3340 vos
1064 3272 1110 3341 ite
1131 3273 1290 3358 solutae,

388 3378 465 3470 Ite,
487 3383 572 3453 deae
591 3385 709 3481 pelagi
729 3414 736 3463 ;
765 3385 937 3455 Genetrix
952 3385 1065 3482 jubet.
1108 3405 1142 3455 et
1162 3411 1223 3456 sna
1242 3407 1409 3477 quaeque

386 3496 573 3568 Continuo
595 3523 738 3592 puppes
761 3498 983 3592 abrumpunt
999 3500 1143 3570 vincula
1163 3503 1271 3595 ripis,

386 3612 687 3707 Delplrinumque
706 3615 821 3684 modo
845 3613 1013 3685 demersis
1037 3640 1192 3706 aequora
1215 3597 1333 3686 rostris

387 3727 465 3797 Ima
488 3740 644 3822 petunt:
674 3728 758 3798 hinc
780 3729 957 3826 virgineae
981 3713 1164 3822 (mirabile
1185 3720 1413 3824 monstrum)

385 3840 557 3915 Reddunt
576 3870 612 3916 se
631 3844 785 3915 totidem
806 3843 929 3931 facies,
953 3864 1144 3938 pontoque
1163 3845 1329 3915 feruntur.

387 3951 619 4052 Obstupuere
641 3959 771 4028 animis
791 3958 945 4029 Rutuli:
976 3962 1183 4031 conterritus
1204 3958 1280 4055 ipse

387 4071 554 4144 Turbatis
573 4072 758 4172 Messapus
778 4074 878 4166 equis
902 4101 908 4142 :
939 4093 1122 4146 cunctatur
1142 4096 1177 4146 et
1196 4070 1313 4146 amnis

387 4184 506 4257 Rauca
526 4211 677 4275 sonans,
703 4208 916 4281 revocatque
933 4190 1067 4283 pedem
1087 4189 1278 4262 Tiberinus
1294 4179 1339 4262 ab
1360 4194 1446 4265 alto.-

386 4301 434 4370 rlt
454 4326 530 4372 non
550 4302 674 4373 audaci
693 4304 795 4374 cessit
813 4303 943 4373 fiducia
962 4303 1112 4375 Turno:

388 4414 489 4486 Ultro
511 4420 653 4489 animos
673 4419 768 4488 tollit
787 4420 910 4506 dictis,
937 4436 1043 4512 atque
1065 4420 1222 4514 increpat
1239 4425 1352 4493 ultror

444 4529 622 4605 Troianos
640 4532 725 4605 haec
744 4553 904 4605 monstra
925 4552 1052 4627 petunt
1078 4562 1085 4602 r
1115 4536 1168 4607 his
1184 4536 1353 4632 Juppiter
1369 4538 1448 4635 ipse
