3750 6217
521 689 1043 765 GEORGICON
1088 674 1177 765 ¹IV.
1234 715 1267 761 v.
1313 693 1374 767 28.

344 855 502 927 Pandere
522 857 568 933 ad
588 856 760 932 aestivom
779 857 915 935 solem;
940 856 968 928 si
987 853 1075 926 forte
1093 855 1263 925 morantis

342 970 534 1064 Sparsetit‚
562 989 621 1041 aut
638 996 805 1065 praeceps
825 970 998 1065 Neptuno
1018 970 1212 1041 inmerserit
1232 967 1353 1045 Eurus,

343 1086 440 1157 Haec
458 1088 591 1157 circum
612 1086 721 1157 casiae
741 1085 891 1173 virides,
917 1105 953 1157 et
972 1086 1104 1156 olentia
1124 1086 1193 1161 late

342 1200 530 1297 Serpulla‚
557 1221 592 1283 et
609 1201 755 1299 graviter
774 1201 939 1295 spirantis
959 1201 1064 1292 copia
1084 1197 1268 1295 thymbrae

342 1318 505 1406 Floreat,
532 1318 784 1414 inriguumque
803 1315 929 1386 bibant
945 1315 1089 1385 violaria
1109 1313 1258 1389 fontem.

344 1433 428 1526 Ipsa
448 1454 592 1519 autem,
620 1456 680 1502 seu
702 1430 890 1502 corticibus
909 1430 976 1502 tibi
994 1428 1069 1501 sitta
1088 1429 1235 1517 cavatis,

341 1545 411 1617 Seu
432 1550 530 1618 lento
552 1546 683 1619 fuerint
699 1546 845 1617 alvearia
863 1546 998 1616 vimine
1018 1564 1135 1634 tenta,

341 1660 523 1760 Angustos
541 1661 694 1732 habeant
712 1659 838 1741 aditus,
875 1686 962 1731 nam
980 1658 1106 1757 frigore
1126 1659 1234 1749 mella

339 1775 450 1876 Cogit
472 1778 613 1866 hiems,
638 1776 839 1870 eademque
861 1778 957 1848 calor
980 1772 1168 1869 liquefacta
1189 1772 1340 1847 remittit

339 1892 495 1986 Utraque
516 1894 570 1966 vis
589 1891 719 1986 apibus
740 1893 867 1985 paritet
887 1890 1107 1974 metuenda:
1136 1912 1255 1980 neque
1277 1888 1357 1957 illae

340 2008 600 2105 Nequidquam
625 2006 783 2079 intectis
806 2007 963 2078 certatim
985 2005 1107 2091 tenuia
1128 2029 1204 2089 cera

338 2122 559 2218 Spimmenta
582 2123 721 2223 linunt,
743 2120 901 2216 fucoque
922 2141 957 2194 et
979 2119 1128 2193 floribus
1149 2143 1226 2195 oras

338 2239 515 2332 Explent,
536 2218 813 2332 coniectumque
832 2238 917 2313 haec
936 2237 1013 2332 ipsa
1030 2236 1075 2315 ad
1095 2257 1241 2311 munera
1261 2235 1386 2333 gluten

337 2352 382 2423 Et
398 2354 495 2425 visco
517 2374 552 2426 et
570 2353 737 2450 Phrygiae
757 2371 893 2424 servant
911 2353 991 2447 pice
1011 2352 1142 2423 lentius
1161 2350 1257 2420 Idae.

336 2468 449 2561 Saepe
468 2470 577 2540 etiam
596 2467 752 2557 ellossis,
775 2469 804 2538 si
822 2492 900 2538 vera
919 2486 972 2538 est
990 2465 1106 2556 lama,
1132 2464 1270 2538 latebris

336 2581 410 2653 Sub
430 2603 516 2654 terra
534 2583 652 2655 lovere
669 2584 801 2673 larem,
824 2585 1041 2678 penitusque
1060 2597 1213 2677 repertae

336 2698 617 2792 Pumicibusque
635 2698 749 2788 cavis,
773 2722 969 2793 exesaeque
988 2698 1120 2777 arboris
1141 2715 1252 2771 antro.

336 2810 397 2882 Tu
418 2830 540 2883 tamen
562 2838 581 2882 e
604 2813 672 2883 levi
692 2814 825 2887 rimosa
846 2813 977 2887 cubilia
996 2814 1088 2881 limo

335 2924 485 3024 Ungue,
506 2926 633 2998 fovens
654 2928 809 3016 circum,
836 2946 871 2999 et
886 2951 975 2998 raras
994 2924 1205 3023 superinJice
1222 2922 1377 2998 frondes.

335 3039 418 3111 Neu
441 3042 593 3133 propius
614 3042 716 3112 tectis
741 3061 866 3113 taxum
891 3042 990 3130 sine,
1013 3065 1103 3112 neve
1125 3034 1285 3110 rubentis

336 3153 405 3226 Ure
429 3154 513 3226 foco
534 3179 701 3227 cancros:
719 3158 807 3227 altae
828 3181 900 3229 neu
917 3155 1019 3227 crede
1037 3154 1187 3249 paludi,

334 3267 408 3339 Ant
427 3270 490 3339 ubi
512 3269 604 3340 odor
623 3272 727 3345 coeni
749 3271 887 3369 gravis,
915 3288 976 3341 aut
998 3269 1062 3341 ubi
1086 3294 1238 3345 concava
1260 3270 1368 3363 pulsu

333 3381 421 3454 Saxa
442 3403 596 3473 sonant,
626 3385 800 3479 vocisque
825 3384 958 3462 offensa
978 3387 1120 3463 resultat
1140 3385 1271 3483 imago.

392 3498 505 3603 Quod
529 3519 712 3594 superest,
739 3499 803 3571 ubi
829 3502 974 3597 pulsam
993 3500 1152 3575 hiemem
1177 3500 1234 3572 sol
1256 3522 1380 3572 aureus
1402 3499 1474 3599 egit

332 3612 407 3684 Sub
428 3632 552 3703 terras,
582 3617 800 3721 coelumque
820 3617 950 3688 aestiva
969 3617 1049 3689 luce
1071 3615 1235 3704 reclusit,

331 3727 420 3799 Illae
440 3731 614 3805 continuo
639 3732 745 3803 saltus
769 3731 947 3825 silvasque
968 3749 1175 3829 peragrant,

332 3840 608 3938 Purpureusque
628 3863 770 3919 metunt
789 3844 918 3937 flores,
944 3864 979 3917 et
993 3844 1146 3922 flumina
1161 3845 1275 3917 libant

333 3955 482 4028 Summa
501 3960 605 4039 leves,
640 3960 723 4031 hinc
743 3961 862 4037 nescio
885 3986 957 4055 qua
977 3960 1167 4033 dulcedine
1186 3961 1296 4031 laetae

332 4070 547 4168 Progeniem
567 4071 747 4168 nidosque
766 4075 914 4149 fovent:
945 4077 1027 4147 hinc
1048 4095 1120 4149 arte
1140 4075 1290 4149 recentis

330 4184 526 4258 Excudunt
544 4210 657 4278 ceras,
677 4207 712 4259 et
729 4192 838 4261 mella
860 4192 996 4263 tenacia
1016 4190 1165 4289 fingunt.

330 4298 428 4371 Hinc
445 4299 509 4370 ubi
524 4303 602 4399 jam
621 4304 794 4375 emissum
814 4306 929 4378 caveis
952 4305 998 4377 ad
1018 4306 1130 4379 sidera
1148 4304 1242 4383 coeli

330 4414 424 4485 Nare
442 4439 506 4510 per
522 4435 692 4496 aestatem
711 4419 889 4514 liquidam
909 4422 1108 4518 suspexeris
1127 4444 1278 4519 agmen,

333 4528 606 4647 Obscuramque
626 4533 713 4614 trahi
728 4554 837 4614 vento
858 4535 1030 4617 mirabere
1051 4536 1215 4649 nubemg
