3750 6217
259 805 266 814 .
385 696 465 790 360
589 692 1039 773 AENEIDOS
1095 697 1143 771 x.
1201 710 1236 770 e.
1282 700 1377 793 ω

285 839 291 846 ’
380 858 515 929 Omnis
537 884 600 953 per
618 862 745 933 mortis
762 864 923 934 animam
942 879 1085 934 sontem
1103 862 1181 955 ipse
1200 862 1407 935 dedissem!

382 973 490 1045 Nunc
510 976 592 1045 vivo
613 1003 621 1043 ε
651 1000 771 1069 neque
791 977 907 1049 adhuc
926 976 1095 1049 homines
1112 979 1306 1071 lucemque
1325 978 1509 1073 relinquo.

381 1087 451 1159 Sed
470 1090 644 1182 linquam.
683 1093 795 1163 simul
811 1094 883 1164 hoc
902 1092 1026 1163 dicens
1043 1091 1187 1164 adtollit
1203 1094 1242 1163 in
1262 1115 1408 1190 aegrum

381 1201 426 1275 Se
446 1204 583 1286 semum
602 1193 659 1297 'et,
682 1223 907 1301 quamquam
924 1207 979 1279 vis
998 1209 1071 1277 alto
1091 1209 1238 1278 volnere
1256 1207 1397 1297 tardat,

381 1318 693 1417 Hauddejectus,
715 1337 854 1417 equom
873 1322 957 1393 duci
971 1322 1083 1420 jubet.
1123 1323 1196 1394 hoc
1212 1322 1321 1395 decus
1340 1323 1420 1414 ini,

382 1434 466 1506 Hoc
485 1438 647 1507 solamen
667 1448 739 1511 erat
754 1466 762 1506 r
792 1434 898 1511 bellis
914 1438 985 1510 hoc
1002 1438 1118 1510 victor
1134 1438 1258 1510 abibat

381 1549 576 1623 Omnibus·
613 1551 820 1649 adloquitur
839 1571 1083 1643 maerentem,
1106 1573 1142 1625 et
1161 1553 1293 1625 talibus
1312 1551 1416 1625 infitt'

381 1662 550 1756 Rhaebe,
575 1666 662 1757 diu,
690 1692 743 1741 res
763 1671 791 1742 si
812 1668 965 1764 quadiu
984 1669 1199 1742 mortalibus
1217 1669 1290 1739 ulla
1310 1685 1386 1759 est,

381 1777 564 1855 Viximus.
603 1802 665 1855 aut
681 1784 792 1856 hodie
809 1773 923 1856 victor
944 1784 1062 1878 spolia
1078 1784 1140 1853 illa
1159 1780 1328 1874 cruenta,

382 1894 428 1965 Et
448 1914 556 1991 caput
574 1896 714 1970 Aeneae
733 1898 878 1989 referes,
900 1896 1082 1993 Lausique
1098 1899 1271 1970 dolorum
1355 1991 1358 1998 Ι

382 2008 488 2081 Ultor
505 2014 573 2085 eris
592 2038 737 2086 mecum
761 2043 769 2084 ι
799 2032 886 2103 aut,
912 2014 1024 2109 aperit
1044 2013 1073 2085 si
1089 2016 1189 2085 nulla
1207 2013 1304 2084 viam
1325 2014 1404 2103 vis,
1432 2003 1441 2019 ⁰

382 2129 589 2201 Occumbes
606 2129 744 2223 pariter.
784 2153 904 2224 neque
924 2130 1045 2217 enim,
1066 2128 1281 2218 fortissime,
1303 2127 1433 2221 credo,

377 2227 484 2333 Jussa
501 2246 615 2315 aliena
634 2245 711 2338 pati
732 2255 768 2316 e't
787 2228 962 2315 dominos
982 2243 1173 2341 dignabere
1193 2243 1363 2317 Teucros.¹

382 2349 502 2447 Dixit,
524 2375 558 2430 et
579 2377 746 2453 exceptus
765 2377 863 2457 tergo
885 2377 1055 2431 consueta
1075 2359 1208 2430 locavit

380 2462 569 2562 Membra,
596 2491 798 2568 manusque
818 2473 942 2546 ambas
956 2475 1086 2572 jaculis
1107 2474 1266 2545 oneravit
1285 2473 1423 2554 acuties

381 2589 472 2661 Aere
490 2606 601 2683 caput
619 2587 782 2686 fulgens,
807 2590 982 2682 cristaque
1001 2589 1157 2662 hirsutus
1175 2589 1317 2683 equina.

381 2703 440 2776 Sic
458 2717 601 2776 cursum
622 2703 662 2773 in
680 2703 825 2775 medios
844 2702 991 2796 rapidus
1010 2703 1121 2799 dedit:
1160 2720 1295 2775 aestuat
1311 2704 1443 2805 ingens

379 2820 466 2891 Imo'
488 2821 526 2890 in
546 2819 652 2890 corde
672 2817 814 2913 pudor,
837 2818 1030 2911 mixtoque
1050 2820 1189 2889 insania
1208 2820 1333 2891 luctu:

380 2919 502 3029 Atque
519 2929 578 3006 hic
593 2932 741 3005 Aenean
758 2956 890 3031 magna
907 2950 960 3004 ter
976 2955 1066 3005 voce
1085 2934 1237 3006 vocavit·

379 3050 517 3123 Aeneas
535 3049 707 3147 adgnovit
725 3048 848 3136 eninr,
874 3048 1058 3140 laetusque
1078 3066 1261 3147 precatur:
1282 3145 1284 3150 .

380 3164 440 3237 sic
460 3185 559 3260 pater
575 3165 636 3234 ille
655 3152 765 3234 deum
784 3160 914 3251 faciat,
937 3163 988 3235 sic
1006 3165 1099 3237 altus
1117 3153 1284 3258 Apollo!

380 3280 541 3374 Incipias
559 3278 716 3349 conferre
736 3302 898 3348 manum

381 3393 543 3465 Tantum
564 3392 710 3481 effatus,
739 3411 773 3463 et
793 3391 918 3464 infesta
939 3386 1036 3465 subit
1057 3391 1188 3465 obvius
1204 3374 1313 3467 basta.

380 3503 450 3581 Ille
470 3526 591 3579 autern
615 3535 622 3575 :
654 3507 757 3613 Quid
776 3533 837 3577 me
855 3525 1002 3601 erepto,
1028 3509 1251 3599 saevissime,
1276 3527 1364 3584 nato

379 3621 505 3696 Tenes
526 3626 541 3695 ἑ)
570 3625 657 3694 haee
675 3625 732 3693 via
753 3624 830 3695 sola
849 3621 944 3710 fuit,
971 3646 1045 3715 qua
1064 3623 1210 3717 perdere
1228 3633 1364 3719 possesr

379 3741 456 3812 Nec
475 3759 633 3812 mortem
652 3739 858 3826 horremus,
877 3763 944 3808 nec
964 3736 1089 3808 divdm
1108 3740 1287 3833 parcimus
1307 3742 1385 3815 ulli.¹

378 3856 522 3928 Desine.
553 3858 631 3953 jam
651 3855 758 3924 venio
776 3854 994 3942 moriturus,
1020 3873 1056 3925 et
1072 3855 1158 3925 haec
1177 3855 1244 3925 tibi
1261 3875 1370 3950 porto

379 3971 487 4041 Dona
506 3972 615 4063 prius.
657 3970 770 4057 dixit,
794 3969 982 4059 telumque
1003 3968 1145 4041 intorsit
1164 3970 1203 4039 in
1223 3971 1389 4054 hosteim

377 4085 471 4154 Inde
490 4083 590 4155 aliud
611 4101 841 4176 superatque
860 4083 960 4153 aliud
980 4083 1151 4181 figitque,
1170 4087 1344 4179 volatque

378 4199 522 4296 Ingenti
541 4223 627 4295 gyro
653 4226 661 4265 ι
692 4199 754 4270 sed
774 4197 924 4269 sustinet
944 4222 1068 4269 aureus
1086 4200 1214 4271 umbo.

376 4312 448 4383 Ter
465 4314 599 4384 circum
618 4314 819 4385 adstantem
839 4313 960 4384 laevos
980 4315 1152 4407 equitavit
1172 4316 1210 4384 in
1230 4294 1360 4410 orbes,¹

375 4429 465 4499 Tela
483 4454 595 4499 manu
610 4430 773 4527 jaciens:
805 4447 856 4497 ter
876 4452 997 4498 secum
1018 4427 1150 4500 Troius
1166 4431 1272 4505 heros
1354 4417 1359 4427 ¹

373 4545 568 4617 Inmanem
588 4566 705 4619 aerato
726 4543 927 4617 circumfert
948 4545 1107 4644 tegmine
1127 4546 1265 4622 silvam·
