3750 6217
423 703 1449 828 Aruernosxru7u;'u5

235 891 468 985 Adiectisque
487 894 604 967 horret
619 894 796 988 squamis,
822 913 858 962 et
876 890 995 964 sibilat
1015 920 1097 982 ore,

235 1008 378 1079 Arduus
398 1009 581 1106 insurgens
604 1039 611 1080 :
642 1012 705 1082 illa
725 1009 821 1078 haud
839 1007 961 1080 miuus
983 1029 1081 1107 urget
1104 1009 1251 1080 obunco

237 1124 451 1194 Luctantem
471 1144 584 1197 rostro
603 1157 612 1207 ;
640 1127 749 1198 simul
767 1123 902 1195 aethera
922 1125 1078 1196 verberat
1097 1125 1172 1196 alis.

235 1237 345 1310 Haud
363 1239 463 1308 aliter
483 1241 654 1334 praedam
672 1240 866 1310 Tiburtum
888 1264 932 1310 ex
947 1242 1090 1338 agmine
1111 1240 1227 1311 Tarco

236 1353 358 1426 Portat
379 1359 498 1426 orans.
539 1357 641 1428 ducis
660 1359 870 1448 exemplum
890 1377 1132 1449 eventumque
1153 1355 1264 1428 secuti

235 1469 451 1541 Maeonidae
472 1472 664 1543 incurrunt.
703 1493 783 1544 turn
805 1469 883 1541 latis
901 1472 1044 1544 debitus
1065 1471 1197 1542 Arruns

237 1583 416 1656 Velocem
433 1587 556 1683 jaculo
577 1607 613 1660 et
633 1589 748 1658 multa
764 1588 861 1680 prior
881 1604 952 1657 arte
973 1584 1168 1658 Camillam

238 1701 395 1788 Circuit,
420 1721 478 1788 et,
504 1727 595 1794 quae
615 1704 660 1774 sit
678 1702 819 1773 fortuna
839 1699 1027 1791 facillima,
1054 1722 1175 1773 tentate

239 1815 321 1920 Qua
341 1841 377 1887 se
396 1841 555 1910 cumque
573 1817 690 1888 furens
710 1817 833 1888 medio
856 1819 934 1887 tulit
957 1819 1099 1915 agmine
1117 1819 1237 1916 virgo,
1300 1845 1303 1856 ¹

238 1931 315 2002 Hac
336 1928 467 2003 Arruns
488 1935 602 2022 subit,
628 1953 663 2004 et
680 1935 806 2004 tacitus
825 1933 970 2030 vestigia
990 1936 1132 2006 lustrat:

239 2048 323 2152 Qua
342 2049 467 2119 victrix
483 2049 573 2122 redit
593 2050 676 2139 illa,
700 2049 907 2143 pedemque
925 2075 970 2119 ex
988 2050 1091 2122 hoste
1110 2069 1290 2144 reportat,

239 2163 317 2234 Hac
333 2164 474 2260 juvenis
495 2163 615 2236 furtim
635 2166 755 2236 celeris
773 2165 963 2258 detorquet
982 2167 1146 2237 habenas.

240 2278 320 2352 Hos
341 2279 476 2366 aditus,
498 2283 648 2378 jamque
668 2283 735 2350 hos
756 2280 892 2369 aditus,
912 2306 1137 2373 omnemque
1159 2300 1308 2374 pererrat

240 2393 412 2487 Undique
433 2397 618 2466 circuitum
637 2425 645 2474 ;
674 2415 855 2466 etcertum
877 2397 992 2486 quatit
1012 2397 1186 2490 inprobus
1207 2398 1353 2468 hastam.

240 2511 333 2580 Foru
368 2529 462 2582 satus
483 2511 622 2604 Cybelo
644 2511 838 2596 Chloreus,
863 2511 1029 2603 olimque
1051 2511 1235 2600 sacerdoS‚

242 2627 397 2724 Insignis
418 2629 526 2724 louge
546 2627 706 2722 Phrygiis
724 2625 883 2722 fulgebat
903 2627 940 2695 in
960 2627 1087 2715 armis,

217 2797 220 2806 .
239 2741 551 2837 Spumantemque
572 2743 725 2838 agitabat
744 2766 905 2832 equom,
929 2767 1040 2834 quem
1062 2741 1168 2834 pellis
1186 2743 1284 2816 a'enis

243 2859 286 2927 ln
307 2860 473 2950 plumam
496 2859 655 2949 squamis
673 2883 757 2926 auro
780 2875 940 2927 conserta
960 2856 1121 2948 tegebat:

243 2972 345 3065 lpse,
371 2973 553 3068 peregrina
573 2971 746 3069 ferrugine
766 2973 878 3042 clarus
899 2990 934 3043 et
955 2991 1075 3060 ostr0,

241 3085 384 3180 Spicula
403 3087 601 3179 torquebat¹
612 3087 723 3180 Lycio
746 3087 919 3180 Gortynia
940 3112 1073 3167 cornur

241 3199 377 3272 Aureus
395 3227 439 3270 err
456 3202 612 3274 humeris
633 3223 735 3274 sonat
753 3228 874 3290 arcus,
899 3222 934 3274 et
953 3229 1055 3274 aurea
1076 3205 1147 3276 vati

242 3303 414 3396 Cassida;
439 3338 519 3390 tum
540 3343 701 3390 croceam
722 3317 1024 3412 chlamydemque
1045 3321 1216 3414 sinusque
1236 3325 1408 3418 crepantis

242 3431 436 3506 Carbaseos
455 3433 556 3505 fulvo
576 3437 613 3504 in
633 3435 775 3504 nodum
796 3436 997 3533 conlegerat
1015 3461 1123 3525 auro,
1366 3431 1368 3440 ’

242 3547 363 3620 Pictus
380 3574 445 3620 acu
469 3551 628 3638 tunicas,
648 3570 683 3621 et
702 3549 846 3622 barbara
865 3552 1022 3649 tegmina
1042 3577 1191 3624 crurum.

242 3662 350 3734 Hunc
369 3665 490 3764 virgo,
517 3668 590 3740 sire
610 3687 648 3738 ut
668 3667 815 3760 templis
832 3666 1034 3764 praefigeret
1053 3691 1150 3738 anua

242 3778 372 3866 Troia,
393 3784 534 3876 captivo
554 3785 627 3854 sire
643 3802 684 3854 ut
702 3807 738 3854 se
757 3781 858 3854 serret
878 3783 914 3852 in
935 3809 1042 3871 auro,

242 3891 437 3985 Venatrix,
462 3922 577 3967 unum
597 3913 640 3969 'erc
661 3902 763 3969 omni
782 3898 971 3970 certamine
991 3923 1134 3995 pugnae

244 4007 355 4080 Caeca
376 4011 587 4104 sequebatur
603 4044 612 4092 ς
631 4029 825 4107 totumque
845 4016 985 4084 incauta
1000 4039 1063 4107 per
1083 4039 1211 4111 agmen

243 4123 416 4196 Femineo
437 4129 588 4220 praedae
607 4153 642 4200 et
662 4131 865 4224 spoliorum
886 4130 1030 4199 ardebat
1049 4154 1189 4200 amore:

244 4239 378 4312 Telum
400 4267 443 4312 ex
463 4243 599 4314 insidiis
620 4271 734 4336 quom
757 4246 903 4316 taudem
923 4267 1088 4338 ternpore
1107 4267 1212 4340 capto

244 4357 431 4446 Concinit,
454 4377 489 4429 et
507 4384 653 4453 superos
671 4359 803 4432 Arruns
822 4362 871 4433 sic
891 4385 980 4432 vore
998 4381 1180 4454 precatur:

243 4472 392 4544 Summe
408 4475 543 4564 desim,
567 4477 677 4548 sancti
697 4496 816 4548 custos
836 4475 987 4548 Soractis
1005 4477 1163 4571 Apollo,

245 4589 369 4696 Quem
389 4592 497 4687 primi
518 4593 693 4683 colimuS,
720 4593 778 4664 cui
795 4593 926 4686 pineus
945 4594 1049 4665 ardor
1068 4619 1191 4664 acervo

1099 4707 1128 4776 C
1146 4733 1198 4780 cc
