3750 6217
389 879 1526 1072 Annnruos

558 1214 773 1305 maran
829 1196 1368 1306 ouon-scmus·

350 1437 473 1531 T'UR
484 1457 518 1529 N
530 1437 595 1532 US
614 1478 655 1532 ut
673 1460 840 1558 infractos
856 1459 1004 1532 adverso
1017 1459 1139 1532 'Marte
1160 1443 1308 1535 Latinos

351 1574 533 1650 Defecisse
552 1575 670 1666 videt,
692 1577 754 1649 su'a
774 1593 872 1649 nunc
892 1575 1070 1672 promissa
1088 1578 1253 1672 reposci,

350 1693 396 1763 se
417 1691 545 1790 signari
566 1693 699 1770 oculisr
723 1697 817 1790 ultro
839 1691 1065 1788 inplacabilis
1082 1677 1197 1783 ardet,

352 1808 582 1903 Adtollitque
603 1810 755 1880 animos.
798 1809 1006 1880 Poenorum
1029 1810 1146 1900 qualis
1165 1808 1204 1879 in
1223 1808 1334 1898 arvis,

353 1908 499 1995 Saucius
518 1925 578 1995 ille
597 1925 692 2024 gravi
710 1942 907 1996 venantum
926 1927 1071 1995 volnere
1090 1933 1235 2019 pectus,
1349 1937 1352 1944 '

352 2040 454 2111 Tum
475 2027 769 2113 demum'movet
788 2067 883 2111 arma
905 2042 988 2129 leo,
1010 2038 1214 2138 gaudetque
1234 2042 1414 2115 'comantis
1494 2029 1497 2034 Ι

351 2157 546 2229 Excutiens
565 2157 697 2228 cervice
717 2176 838 2247 ῐοῐοε,
863 2145 1052 2249 iixumq'ue
1072 2139 1220 2227 latronis

351 2271 554 2368 Inpavidus
574 2271 701 2371 frangit
720 2267 858 2361 telum,
878 2292 913 2343 et
931 2271 1052 2342 fremit
1072 2297 1132 2343 ore
1153 2292 1301 2345 cruento
1315 2259 1326 2342 :¹

351 2387 463 2462 Haud
484 2413 583 2484 secus
602 2385 757 2460 adcenso
777 2389 893 2488 gliscit
911 2389 1082 2458 violentia
1102 2387 1242 2459 Tumo.

352 2503 452 2574 Turn
475 2505 524 2576 sic
542 2502 679 2576 adfatur
696 2515 839 2603 tegern,
863 2519 970 2596 atque
990 2505 1037 2575 ita
1058 2495 1222 2575 turbidus
1242 2503 1342 2574 infit:

352 2619 464 2691 Nulla
483 2629 584 2690 'mora
603 2622 642 2690 ln
661 2613 788 2690 Turno
811 2647 818 2688 :
849 2613 940 2690 nibil
961 2636 1013 2691 est
1034 2619 1137 2713 quod
1155 2620 1247 2691 dicta
1269 2635 1456 2693 'retractent

353 2733 480 2835 Ignavi
503 2734 709 2826 Aeneadae,
731 2757 819 2825 nec,
844 2735 936 2829 quae
955 2735 1149 2833 pepigere,
1171 2755 1353 2807 recusent:
1440 2723 1444 2730 ¹

352 2852 587 2952 Congredior.
626 2852 678 2923 fer
698 2879 810 2942 sacra,
829 2871 950 2947 pater,
976 2865 1014 2950 et
1030 2835 1183 2946 concipe
1202 2850 1343 2924 foedus.

352 2968 427 3041 Aut
444 2970 508 3039 bac
527 2963 747 3039 Dardanium
769 2969 889 3039 dextra
909 2967 976 3039 sub
997 2967 1139 3038 Tartara
1158 2967 1324 3056 mittam,

249 3102 253 3110 '
353 3085 579 3157 Desertorem
599 3084 727 3173 lisiae,
752 3084 927 3176 (sedeant
948 3087 1182 3177 spectentque
1204 3083 1353 3178 Latini)

312 3215 316 3220 '
353 3202 400 3272 Et
420 3204 518 3272 solus
535 3199 624 3270 ferro
644 3198 778 3270 crimen
800 3223 999 3270 commune
1019 3197 1200 3269 refellam}

353 3317 427 3388 Aut
445 3315 573 3384 babeat
592 3316 731 3392 victos;
754 3316 854 3386 cedat
873 3315 1019 3386 Lavinia
1041 3316 1210 3414 conjunx

412 3429 490 3500 Olli
512 3430 632 3501 sedato
652 3429 839 3524 respondit
858 3432 965 3501 corde
987 3432 1158 3503 Latinus:

354 3550 390 3619 0
410 3565 589 3642 praestans
607 3548 718 3616 animi
733 3547 895 3644 juvenis,
919 3567 1097 3640 quantum
1120 3548 1197 3641 ipse
1217 3546 1326 3620 feroci

354 3661 497 3735 Virtute
518 3687 728 3758 exsuperas,
752 3681 852 3735 tanto
873 3687 933 3731 me
954 3663 1142 3756 inpensius
1162 3688 1320 3755 aequom
1342 3683 1392 3736 est

356 3780 576 3867 Consulem,
598 3789 706 3871 atque
727 3780 847 3872 omnis
865 3797 1088 3849 metuentem
1108 3781 1308 3873 expendere
1329 3805 1439 3854 casus.

355 3897 445 3967 Sunt
464 3897 530 3967 tibi
550 3880 782 3992 regna'patris
800 3893 941 3982 Dauni,
969 3914 1052 3964 sunt
1074 3896 1211 3987 oppida
1233 3915 1336 3990 capta

354 4009 471 4081 Multa
492 4035 626 4087 manu3
651 4013 811 4080 nec'non
830 4033 1051 4102 aurumque,
1074 4012 1289 4104 animusque
1307 4013 1437 4083 Latino
1456 4033 1519 4088 est

355 4124 445 4196 Sunt
466 4128 553 4194 aliae
575 4125 747 4219 innuptae
767 4124 893 4213 Latio,
918 4144 954 4195 et
975 4125 1213 4197 Laurentibus
1233 4128 1342 4223 agris;
1550 4114 1552 4118 Ι

353 4239 431 4310 Nec
450 4265 560 4336 genus
579 4240 773 4312 indecores.
816 4240 890 4310 sine
908 4267 969 4311 me
987 4242 1073 4313 haec
1093 4243 1187 4313 haud
1209 4243 1433 4316 mollia-satu

355 4353 507 4425 Sublatis
528 4355 659 4450 aperire
680 4358 775 4427 dolis
798 4385 805 4424 ε
836 4359 959 4427 animo
982 4358 1054 4428 hoc
1074 4360 1182 4430 simul
1201 4360 1309 4429 lrauri.

355 4471 416 4542 Me
435 4490 554 4542 natam
575 4473 665 4542 nulli
686 4491 845 4543 vetentm
869 4475 1000 4544 sociare
1021 4499 1213 4569 procorum

354 4585 420 4660 Fas
438 4608 528 4674 erat,
553 4589 663 4682 idque
683 4613 810 4661 omues
831 4591 979 4682 divique
997 4591 1239 4685 hominesque
1259 4593 1442 4665 canebant.
