3750 6217
384 702 909 789 GEORGICON
968 709 1032 783 11.
1091 735 1126 787 v.
1172 732 1266 808 457.
1374 733 1420 807 μ

278 873 316 949 O
336 874 537 949 fortunatos
556 876 738 967 nimium,
760 899 823 949 sua
842 875 871 950 si
891 874 989 949 bona
1007 875 1152 966 norint,

221 988 407 1092 Agricolas
428 992 436 1062 !
466 991 601 1086 quibus
619 992 720 1087 ipsa,
740 991 869 1086 procul
888 991 1113 1066 discordibus
1127 988 1252 1085 manis,

221 1102 358 1179 Fundit
376 1107 492 1178 humo
512 1105 655 1180 facilem
674 1108 813 1179 victum
827 1107 1023 1206 justissima
1041 1106 1157 1181 tellus.

221 1219 353 1295 Sinon
373 1222 560 1321 ingentem
579 1220 717 1296 foribus
737 1221 872 1301 domus
891 1223 961 1293 alta
980 1220 1142 1319 superbis

222 1335 333 1410 Mane
354 1337 575 1410 salutantum
593 1338 681 1411 totis
697 1338 817 1409 vomit
836 1336 984 1410 aedibus
1001 1339 1139 1410 undam
1155 1369 1166 1418 ;

223 1451 301 1525 Nec
316 1452 434 1525 varios
453 1452 593 1526 inhiant
612 1453 760 1548 pulchra
776 1452 958 1525 testudine
977 1455 1117 1548 postis,

223 1567 437 1662 Inlusasque
455 1592 542 1640 auro
561 1569 691 1658 vestis,
713 1568 962 1664 Ephyreiaque
981 1593 1082 1651 aetat

221 1680 316 1755 Alba
333 1702 452 1778 neque
469 1681 612 1779 Assyrio
630 1682 768 1757 fucatur
784 1685 865 1756 lana
880 1707 1047 1775 veneno,

223 1795 301 1870 Nec
320 1799 412 1872 casia
428 1798 561 1893 liquidi
578 1799 830 1894 conmmpitur
847 1823 933 1873 usus
951 1800 1060 1872 olivi:

223 1912 272 1987 Ar
291 1938 409 1987 secura
425 1913 551 2010 quies,
571 1932 607 1988 et
624 1916 744 1988 nescia
759 1912 880 1991 fallere
896 1915 993 2005 vita,

223 2028 334 2103 Dives
353 2054 469 2126 opum
487 2031 684 2110 variarum
706 2048 743 2103 at
761 2029 843 2102 latis
863 2030 937 2102 otia
955 2028 1102 2122 fundis,

222 2144 441 2242 Speluncae,
461 2146 607 2241 vivique
624 2147 740 2226 lacuss
765 2163 801 2218 at
820 2142 947 2244 frigida
962 2164 1106 2242 tempe,

224 2260 458 2363 Mugitusque
476 2260 614 2352 boum,
633 2264 839 2356 mollesque
859 2260 927 2333 sub
947 2260 1070 2333 arbore
1089 2263 1221 2337 somni

224 2374 313 2449 Non
333 2376 492 2450 absunt:
522 2378 597 2449 illic
617 2378 725 2451 saltus
744 2399 785 2449 ac
805 2377 914 2449 lustra
933 2374 1104 2469 serenam,

223 2489 270 2563 Et
288 2493 428 2587 patiens
449 2518 624 2589 operum,
645 2494 850 2593 exiguoque
869 2489 1014 2574 adsueta
1028 2495 1212 2591 juventus,

223 2601 326 2679 Sacra
344 2607 479 2700 deum,
501 2609 687 2706 sanctique
706 2627 825 2704 patres
845 2636 854 2678 t
884 2628 1041 2683 extrema
1059 2610 1227 2705 perillus

220 2718 364 2813 Justitia
383 2724 557 2799 excedens
573 2725 671 2799 terris
687 2723 834 2823 vestigia
853 2721 946 2797 fecit

282 2835 345 2910 Me
362 2862 447 2910 vero
464 2841 625 2935 primum
645 2839 769 2913 dulces
787 2856 870 2915 ante
889 2838 1015 2911 omnia
1033 2837 1181 2931 Musae,

225 2951 393 3058 Quamm
412 2977 507 3025 sacra
525 2952 601 3025 fero
621 2954 757 3054 ingenti
778 2978 965 3049 percussus
983 2976 1132 3043 amore,

225 3064 444 3163 Adcipiants
462 3069 628 3162 coelique
644 3069 745 3160 vias,
767 3088 803 3144 et
822 3068 935 3143 sidera
954 3083 1180 3141 monstrentt

225 3179 397 3255 Defectus
415 3183 504 3256 solis
518 3182 660 3275 varios,
679 3184 860 3281 lunaeque
878 3182 1034 3256 labores:

225 3295 333 3369 Unde
350 3316 484 3370 tremor
501 3297 599 3371 terris
622 3325 630 3384 z„
660 3324 732 3393 qua
749 3301 786 3372 vi
806 3300 918 3371 maria
936 3299 1008 3372 alta
1030 3316 1231 3385 tumescant

225 3411 417 3512 Objicibus
436 3414 570 3509 ruptis,
594 3438 786 3509 nurusque
802 3415 842 3487 in
864 3440 902 3489 se
922 3415 1001 3510 ipsa
1019 3414 1191 3490 resident:

224 3524 330 3632 Quid
348 3547 490 3601 tanmm
507 3528 656 3601 Oceano
677 3549 873 3626 properent
891 3554 928 3605 se
947 3530 1108 3631 tinguere
1125 3530 1222 3607 soles

224 3640 397 3734 Hiberni,
415 3646 476 3717 vel
494 3668 587 3738 quae
605 3644 713 3718 tardis
728 3670 832 3719 mora
851 3644 1022 3719 noctibus
1039 3648 1168 3723 obstet.

224 3754 309 3848 Sin,
328 3759 391 3836 has
408 3783 460 3832 ne
475 3761 615 3855 possim
634 3779 778 3833 naturae
795 3761 967 3834 adcedere
985 3780 1120 3857 partes,

224 3870 389 3972 Frigidus
407 3874 585 3949 obstiterit
604 3876 738 3949 circum
757 3876 966 3972 praecordia
985 3877 1150 3977 sanguise

225 3984 322 4061 Rura
340 3988 433 4059 mihi
449 4007 487 4061 et
505 3990 595 4087 rigui
614 3992 782 4085 placeant
800 3992 839 4063 in
857 3990 1013 4066 vallibus
1031 4016 1180 4076 amness

226 4100 397 4175 flumina
416 4127 537 4177 amem
555 4104 733 4201 silvasque
750 4106 933 4206 inglorius.
973 4132 1019 4200 o,
1039 4108 1104 4181 ubi
1122 4108 1262 4207 campi,

227 4214 518 4314 Spercheosque,
540 4237 577 4292 et
599 4219 797 4320 virginibus
814 4221 984 4296 bacchata
1003 4223 1175 4301 Lacaenis

227 4331 411 4435 Taygeta:
440 4359 493 4426 o„
511 4334 577 4430 qui
592 4358 654 4408 me
673 4335 801 4435 gelidis
823 4338 862 4409 in
880 4337 1036 4413 vallibus
1054 4338 1189 4415 Haemi
1316 4428 1319 4433 ¹

228 4444 355 4540 Sistat,
376 4468 412 4523 et
431 4451 568 4550 ingenti
587 4474 771 4525 ramomm
790 4471 956 4554 protegat
973 4454 1121 4527 umbra!

228 4560 351 4658 Felix,
372 4565 436 4662 qui
453 4566 576 4663 potuit
590 4592 709 4642 retum
728 4592 944 4671 cognoscere
963 4594 1128 4647 causaest
