3750 6217
518 718 1338 839 Aruernosxtuau.
1463 756 1539 838 ur

333 949 357 979 a,
371 893 440 979 Hic
458 908 586 1005 pietate
604 913 710 1005 prior.
750 924 876 982 coeant
896 912 934 980 in
953 910 1096 981 foedera
1115 908 1273 998 dextrae,

332 1065 356 1094 s,
369 1024 452 1130 Qua
474 1025 576 1098 datur
601 1055 609 1094 :
639 1045 712 1117 ast,
737 1028 842 1100 armis
866 1035 1076 1097 concurrant
1101 1049 1222 1114 arma,
1247 1042 1373 1099 cavete.
1393 1065 1417 1098 a,
1523 1078 1533 1097 f

330 1141 377 1213 Et
398 1166 568 1239 responsa
590 1143 700 1214 simul
727 1166 818 1236 quae
840 1143 931 1231 sint',
958 1167 1018 1212 rex
1042 1159 1221 1243 optume,
1242 1145 1332 1240 regis

331 1255 495 1347 Audisti,
517 1273 553 1327 et
576 1276 668 1350 quae
694 1259 739 1330 sit
765 1283 898 1355 magno
922 1257 1093 1329 sententia
1111 1255 1221 1328 bello.

389 1366 466 1442 Vix
486 1365 526 1470 ea
545 1375 651 1472 legati
676 1394 684 1442 t
712 1375 903 1467 variusque
922 1388 988 1469 per
1010 1394 1071 1444 ora
1090 1374 1240 1442 cucurrit

331 1476 566 1559 Ausonidum
587 1487 726 1560 turbata
746 1489 879 1559 fremor
899 1517 907 1558 ι
937 1492 1002 1560 ce'u
1022 1487 1103 1560 saka
1121 1490 1306 1559 morantur

333 1602 464 1707 Quom
482 1605 626 1698 rapidos
646 1604 785 1693 amnis,
811 1602 850 1674 fit
867 1606 988 1676 clauso
1007 1602 1142 1702 gurgite
1162 1627 1346 1697 murmur,

333 1716 558 1813 Vicindeque
577 1712 735 1792 fremunt
753 1715 850 1815 ripae
869 1712 1119 1814 crepitantibus
1139 1716 1257 1792 undis.

333 1830 382 1903 Ut
399 1836 561 1928 primum
581 1836 710 1931 placati
732 1836 868 1925 animi,
890 1852 925 1905 et
941 1835 1080 1929 trepida
1099 1859 1159 1905 ora
1180 1836 1367 1930 quierunt,

334 1940 511 2022 Praefams
529 1938 634 2022 divos
652 1953 747 2024 solio
767 1968 828 2021 rex
848 1946 927 2021 infit
944 1950 989 2021 ab
1006 1952 1100 2021 alto:

390 2062 485 2136 Ante
503 2067 675 2159 equidem'
694 2086 838 2140 summa
853 2067 899 2137 de
918 2092 955 2137 re
973 2067 1149 2154 statuisse,
1172 2047 1316 2154 Latini,

334 2180 379 2250 Et
398 2178 550 2272 velle'm,
572 2188 608 2255 et
626 2180 739 2255 fuerat
759 2184 891 2255 melius
907 2214 915 2261 ;
938 2191 1014 2252 no'n
1031 2174 1196 2276 tempore
1215 2181 1278 2252 tali

334 2295 473 2393 Cogere
492 2296 712 2390 concilium,
737 2314 855 2394 quom
876 2316 1000 2369 muros
1020 2297 1157 2369 adsidet
1175 2295 1298 2370 hostis.

335 2411 479 2514 Bellum
499 2412 761 2508 inportunum,
786 2415 899 2500 ciie's,
924 2437 1009 2483 cum
1030 2429 1135 2510 gente
1156 2411 1329 2501 deorum,

335 2526 555 2620 Invictisque
573 2529 678 2629 viris,¹
699 2513 855 2628 gerimus
871 2558 879 2607 ;
903 2550 999 2619 quos
1021 2514 1121 2596 irulia
1137 2525 1284 2624 fatigant

335 2641 494 2731 Proelia,
516 2668 582 2715 nec
600 2644 683 2714 victi
707 2662 862 2745 possunt
884 2642 1048 2714 absistere
1069 2640 1170 2731 fer'ro.
1230 2738 1234 2747 ¹
1367 2735 1372 2748 ι

335 2754 464 2850 Spem,
487 2759 516 2830 si
538 2756 650 2852 quam
671 2745 813 2855 adscitis
834 2742 1007 2828 Aetolirtn
1033 2746 1206 2830 habuistis
1226 2754 1265 2828 in
1288 2760 1418 2846 annis,

335 2871 465 2942 Ponite
479 2894 488 2952 ς
510 2890 592 2966 spes
608 2874 676 2945 sibi
692 2876 858 2966 quisque.
890 2866 971 2961 sed,
987 2871 1073 2943 haec
1089 2897 1202 2964 quam
1217 2889 1386 2972 angusta,
1402 2870 1541 2946 videtis.

336 2987 459 3057 Cetera
478 3013 551 3080 qua
575 2988 692 3087 renim
708 2993 848 3087 jaceant
870 2989 1033 3081 perculsa
1052 2987 1175 3070 ruina,
1288 3014 1292 3027 ¹

335 3100 429 3172 Ante
450 3104 577 3176 oculos
597 3105 760 3199 interqu‘e
779 3101 909 3176 manus
930 3119 1014 3193 sunt
1035 3103 1158 3197 omnia
1176 3116 1313 3173 vestras.

336 3216 412 3288 Nec
432 3217 659 3314 quemquam
677 3222 815 3293 incuso.
853 3212 1089 3314 potuitquae
1110 3219 1265 3313 plurima
1284 3216 1394 3292 virtus

335 3332 443 3422 Esse,
466 3331 546 3406 fuit
581 3353 660 3408 toto
680 3332 851 3409 certatum
872 3352 924 3407 est
944 3359 1092 3429 corpore
1111 3334 1218 3432 regni.

336 3446 444 3519 Nunc
463 3448 579 3540 adeo,
599 3477 692 3545 quae
710 3452 754 3525 sit
771 3436 902 3522 dubiae
923 3448 1096 3522 sententia
1116 3449 1251 3538 menti,

334 3562 555 3658 Expediam,
577 3585 613 3638 et
631 3569 777 3661 paucis,
798 3568 942 3664 animos
961 3564 1147 3655 adhibete,
1170 3564 1322 3638 docebo.

336 3676 398 3750 Es't
415 3665 586 3777 antiquus
605 3698 702 3781 ager,
725 3664 847 3754 Tusco
869 3668 959 3753 mihi
977 3697 1178 3776 proxumus
1197 3682 1318 3771 amni,

336 3793 484 3892 Longus
505 3797 542 3866 in
561 3811 751 3888 occasum,
775 3798 855 3871 finis
875 3821 1114 3892 superosque
1135 3793 1302 3876 Sicanos}

336 3888 494 3980 durunci
512 3896 710 4008 Rutulique
731 3929 872 4004 serunt,
897 3929 932 3983 et
950 3935 1094 3983 vomere
1114 3911 1223 3982 duros

337 4022 509 4097 Exercent
526 4029 652 4127 collis,
670 4047 778 4123 atque
798 4012 928 4100 horum
950 4029 1139 4123 asperrima
1154 4045 1316 4120 pascunt.

337 4141 437 4212 Haec
459 4144 579 4214 omnis
600 4145 721 4242 regio,
742 4161 776 4216 et
796 4122 880 4217 celsi
900 4147 1004 4241 plaga
1023 4143 1128 4246 pinea
1146 4145 1283 4216 montis

337 4256 453 4329 Cedat
470 4258 647 4330 amicitiae
667 4240 891 4332 Teucrorum
918 4289 925 4329 :
957 4277 992 4330 et
1009 4256 1160 4331 foederis
1178 4280 1312 4353 aequas

336 4372 511 4446 Dicamus
528 4377 647 4474 leges,
672 4377 863 4469 sociosque
882 4378 919 4446 in
939 4400 1044 4474 regna
1063 4397 1259 4460 vocemus:

336 4485 561 4581 Considant,
584 4494 613 4564 si
630 4504 748 4563 tantus
767 4516 888 4582 amor,
913 4511 947 4564 et
966 4492 1112 4564 moenia
1131 4484 1300 4563 condant.

336 4604 399 4677 Sin
416 4606 508 4680 alios
524 4607 630 4699 finis,
653 4608 835 4701 aliamque
854 4632 1032 4703 capessere
1053 4622 1197 4705 gentem

1132 4720 1285 4795 Aaae
