3750 6217
435 733 777 809 ECLOGA
832 733 969 809 VIII.
1027 759 1060 808 v.
1108 761 1171 832 90.

199 905 334 980 Ducite
360 900 407 975 ab
426 901 513 972 urbe
532 901 712 992 domum,
740 928 821 975 mea
840 903 1017 991 carmina,
1045 905 1165 978 ducite
1185 905 1366 1003 Daphnin.

198 1021 275 1094 Has
294 1020 386 1091 olim
409 1018 554 1091 exuvias
570 1019 662 1089 mihi
679 1019 838 1114 perfidus
858 1019 920 1089 ille
940 1019 1104 1114 reliquit,

197 1136 354 1237 Pignora
374 1159 450 1205 cara
471 1133 526 1207 sui
550 1163 559 1203 ι
590 1160 683 1230 quae
702 1159 799 1206 nunc
816 1159 883 1232 ego
905 1135 1032 1206 limine
1052 1137 1090 1208 in
1110 1137 1218 1231 ipso,

194 1251 329 1343 Terra,
354 1250 422 1323 tibi
442 1250 589 1322 mando.
621 1250 755 1324 debent
771 1250 857 1321 haec
878 1249 1029 1348 pignora
1052 1251 1235 1347 Daphnin.

196 1368 330 1442 Ducite
352 1366 398 1437 ab
419 1364 506 1437 urbe
527 1366 709 1455 domum,
733 1391 815 1436 mea
832 1367 1012 1455 carmina,
1036 1367 1155 1439 ducite
1176 1368 1359 1470 Daphnin.

196 1484 273 1559 Has
291 1482 440 1570 herbas,
462 1501 569 1576 atque
585 1483 673 1554 haec
692 1480 813 1552 Ponto
837 1480 928 1550 mihi
947 1482 1035 1553 lecta
1054 1507 1219 1576 venena,

196 1601 282 1696 Ipse
301 1598 401 1669 dedit
421 1595 565 1670 Moeris.
605 1616 798 1669 nascuntur
818 1597 975 1691 plurima
997 1597 1128 1669 Ponto.

195 1715 265 1788 His
284 1738 352 1813 ego
371 1737 477 1807 saepe
497 1713 629 1807 lupum
651 1714 748 1802 lieri,
774 1731 811 1784 et
830 1737 867 1783 se
883 1712 1038 1802 condere
1056 1714 1154 1788 silvis

196 1830 360 1919 Moerin,
383 1853 487 1925 saepe
506 1829 643 1902 animas
660 1829 743 1901 imis
762 1828 876 1899 excire
894 1830 1090 1922 sepulcris,

194 1945 318 2041 Atque
339 1964 428 2019 satas
449 1945 522 2016 alio
540 1944 616 2016 vidi
632 1946 812 2018 traducere
833 1945 968 2016 messis.

194 2061 326 2134 Ducite
349 2061 394 2132 ab
414 2061 501 2133 urbe
520 2062 700 2152 domum,
722 2085 804 2131 mea
823 2061 1001 2152 camina,
1022 2061 1140 2134 ducite
1160 2061 1342 2159 Daphnin.

192 2176 224 2249 F
224 2203 261 2248 er
278 2178 437 2268 cineres,
464 2175 663 2273 Amarylli,
689 2177 807 2250 foras:
837 2176 989 2271 rivoque
1009 2176 1159 2268 fluenti,

192 2292 381 2388 Transque
400 2311 509 2389 caput
521 2295 620 2390 jace,
644 2319 709 2367 nec
727 2292 929 2388 respexeris.
965 2293 1020 2365 his
1039 2319 1106 2394 ego
1128 2292 1302 2391 Daphnin

190 2407 421 2508 Adgrediar:
450 2408 541 2480 nihil
558 2410 619 2482 ille
639 2411 755 2502 deos,
785 2410 839 2479 nil
857 2409 1013 2480 carmina
1033 2428 1140 2481 curat.

190 2522 325 2596 Ducite
344 2525 390 2596 ab
407 2524 495 2596 urbe
514 2526 695 2619 domum,
718 2554 801 2602 mea
820 2525 1002 2616 cannina,
1028 2525 1148 2599 ducite
1168 2525 1351 2622 DaphnIn.

189 2636 377 2735 Adspice:
407 2642 590 2738 conripuit
611 2645 774 2716 tremulis
795 2641 915 2713 altaria
934 2640 1093 2714 flammis

190 2751 331 2848 Sponte
348 2781 434 2846 sua,
457 2757 548 2829 dum
565 2757 652 2831 serre
675 2785 821 2848 moror,
844 2755 933 2829 cinis
951 2763 1038 2852 ipse.
1069 2758 1212 2829 bonum
1230 2759 1294 2830 sit!

188 2866 324 2941 Nescio
343 2872 435 2966 quid
459 2893 550 2946 certe
575 2893 652 2946 est:
677 2893 712 2947 et
730 2875 851 2971 Hylax
869 2871 906 2941 in
925 2873 1053 2944 limine
1070 2874 1181 2945 latrat.

189 2981 382 3059 Credimus
403 2989 419 3058 ἓ)
448 3013 517 3077 an,
544 2991 609 3082 qui
627 3009 783 3087 amant,¹
795 2987 866 3084 ipsi
886 2986 956 3058 sibi
974 2989 1115 3059 somnia
1131 2985 1300 3085 fingunt?

1357 771 1404 841 31

189 3097 349 3196 Parcite,-
369 3101 417 3175 ab
433 3103 522 3177 urbe
538 3106 659 3198 venit,
677 3108 755 3208 jam
772 3102 931 3205 parcite,
956 3104 1134 3195 carmina,
1158 3101 1331 3199 Daphnin
