3750 6217
513 724 962 800 AENEIDOS
1019 727 1095 800 IX.
1146 731 1187 799 'la
1242 734 1333 824 3‘qrz
1465 744 1541 819 321

331 889 445 969 Audit
466 894 603 985 eqtios,
626 890 728 967 audit
749 895 944 989 strepitus,
970 895 1005 966 e't
1026 888 1122 992 signa
1141 882 1365 985 sequentum.

332 1010 409 1082 Nec
425 1011 577 1107 longum
599 1009 636 1078 in
656 1010 782 1079 medio
804 1025 954 1104 tempus
962 1040 971 1090 ;
994 1033 1110 1103 quom
1132 1011 1267 1079 clamor
1286 1009 1331 1077 ad
1351 1007 1444 1079 auris

280 1121 283 1127 ’
330 1126 515 1229 Pervenit3
536 1148 576 1193 ac
593 1124 691 1196 videt
711 1125 907 1219 Euryalum
929 1146 937 1193 t
968 1149 1081 1218 quem
1095 1125 1173 1223 jam
1190 1147 1321 1194 manus
1341 1123 1463 1196 omnis

325 1240 467 1312 *Fraude
484 1240 556 1309 loci
574 1258 609 1309 et
628 1242 767 1328 noctis,
795 1240 916 1311 subito
935 1239 1098 1311 turbante
1117 1240 1298 1326 tumultu,

330 1357 559 1451 Oppressum
575 1355 690 1448 rapit,
717 1373 753 1427 et
771 1373 963 1426 conantem
983 1355 1140 1448 plurima
1159 1353 1295 1428 frustra,

333 1469 436 1575 Quid
454 1469 557 1539 faciat
579 1470 595 1538 Ρ
628 1471 750 1561 quavi
765 1473 954 1567 juvenem,
976 1470 1107 1563 quibus
1126 1469 1255 1539 audeat
1274 1469 1381 1541 armis

332 1586 476 1680 Eripere
497 1586 513 1654 ?
543 1607 590 1653 an
610 1601 685 1655 sese
706 1586 848 1657 medios
868 1585 1063 1656 moriturus
1085 1586 1123 1654 in
1142 1583 1235 1655 ensis

334 1693 488 1789 luserat,
512 1715 547 1770 et
565 1696 750 1793 pulchram
770 1720 937 1796 properet
954 1726 1016 1795 per
1034 1702 1180 1771 volnera
1198 1697 1389 1769 mortem?

334 1816 448 1887 Ocius
467 1814 623 1886 adducto
644 1831 815 1908 torquens
832 1817 957 1888 hastile
975 1817 1124 1905 lacerto,

334 1930 538 2026 Suspiciens
556 1931 663 2000 altam
685 1929 851 2020 Lunam,
878 1932 928 2004 sic
945 1955 1034 2002 voce
1051 1945 1233 2026 precatur:

333 2047 413 2137 Tu,
436 2045 525 2134 dea,
546 2061 585 2114 tu
601 2065 765 2140 praesens
781 2061 906 2119 nostro
927 2071 1085 2118 succurre
1104 2046 1241 2135 labori,

335 2162 523 2235 Astrorum
542 2160 671 2250 decuS,
697 2176 731 2231 et
748 2183 941 2232 nemorum
962 2161 1111 2232 Latonia
1132 2179 1269 2239 custos;

338 2278 375 2350 Si
393 2302 464 2371 qua
483 2275 553 2347 tuis
572 2293 749 2369 umquam
769 2302 835 2371 pro
854 2292 914 2346 me
932 2284 1031 2371 p'ater
1048 2275 1220 2370 Hyrtacus
1239 2276 1307 2347 aris

336 2391 444 2464 Dona
464 2391 562 2480 tullt,
588 2391 616 2462 si
637 2412 708 2484 qua
729 2391 807 2485 ipse
825 2391 916 2463 meis
933 2391 1119 2463 venatibus
1138 2391 1240 2480 auxi,

335 2500 558 2601 Suspendive
580 2506 709 2595 tholo,
734 2521 795 2576 aut
812 2531 905 2577 sacra
925 2504 970 2575 ad
989 2503 1124 2603 fastigia
1144 2506 1227 2586 lixi3

336 2623 444 2693 Hunc
463 2622 538 2693 sine
558 2646 617 2690 me
638 2622 775 2691 turbare
797 2620 973 2719 globum,
1000 2635 1034 2690 et
1052 2641 1131 2718 rege
1151 2622 1220 2690 tela
1239 2627 1303 2716 per
1322 2645 1431 2695 auras‘.

340 2738 508 2835 Dixerat:
539 2753 573 2807 et
592 2734 670 2807 toto
692 2737 868 2807 connixus
888 2746 1038 2829 corpore
1056 2733 1186 2805 ferrum

337 2850 504 2949 Conjicit
542 2851 640 2923 hasta
659 2852 785 2923 volans
805 2852 920 2922 noctis
940 2850 1134 2921 diverberat
1152 2851 1318 2942 umbras,-

339 2968 384 3038 Et
401 2966 499 3036 venit
518 2966 627 3036 aversi
645 2965 683 3034 in
701 2978 838 3064 tergum
857 2965 1044 3036 Sulmonis
1057 3021 1078 3054 ,.
1096 2965 1220 3058 ibique

338 3080 545 3189 Frangitur,
565 3104 605 3150 ac
625 3079 708 3151 fisso
726 3081 848 3152 transit
867 3080 1070 3174 praecordia
1090 3080 1203 3178 ligno

337 3196 508 3268 Volvitur
526 3196 586 3264 ille
605 3216 758 3265 vomens
776 3195 934 3266 calidum
954 3194 999 3265 de
1018 3211 1161 3289 pectore
1182 3194 1320 3269 flumen

337 3311 517 3410 Frigidus,
538 3326 572 3381 et
591 3310 708 3407 longis
728 3310 941 3408 singultibus
962 3310 1022 3380 ilia
1041 3312 1168 3404 pulsat.

338 3423 795 3525 Diversi'circutnspiciunt.
837 3427 907 3495 hoc
929 3425 1041 3495 acrior
1060 3424 1158 3496 idem

338 3543 429 3614 Ecce
447 3539 546 3611 aliud
569 3565 711 3611 summa
732 3542 845 3610 telum
864 3537 1015 3610 librabat
1036 3539 1081 3611 ab
1103 3552 1207 3621 aure;

339 3658 439 3728 Dum
456 3656 656 3752 trepidant,
679 3654 720 3724 iit
738 3655 834 3728 hasta
853 3655 956 3755 Ta'go
978 3681 1043 3750 per
1062 3672 1206 3751 tempus
1225 3660 1418 3751 utrum’que

338 3772 518 3860 Stridens,
538 3775 755 3869 trajectoque
770 3771 883 3843 haesit
901 3769 1072 3865 tepefacta
1092 3771 1243 3843 cerebro.

274 3925 276 3928 ⁴
341 3886 458 3959 Saevit
479 3886 577 3955 atrox
594 3885 799 3976 Volscens,
822 3894 888 3958 nec
905 3886 967 3956 teli
984 3887 1159 3981 conspicit
1175 3910 1328 3980 usquam

343 3999 560 4088 Auctorem,
581 4004 647 4071 riec
670 4024 745 4094 quo
766 4027 803 4072 se
823 4002 948 4074 ardens
968 4001 1145 4101 inmittere
1164 4003 1287 4096 possit.
1393 3984 1398 3993 ’

341 4115 403 4186 Tu
426 4115 550 4186 t'amen
570 4114 699 4185 interea
718 4115 834 4187 calido
858 4117 950 4187 mihi
973 4117 1142 4214 sanguine
1162 4140 1298 4211 poenas

343 4231 529 4303 Persolves
549 4229 762 4320 amborum,
784 4231 932 4324 inquit:
963 4232 1073 4304 simul
1096 4244 1179 4304 ense
1199 4234 1336 4305 recluso

341 4346 423 4417 Ibat
440 4345 477 4414 in
501 4344 705 4438 Euryalum,
745 4364 827 4417 tum
846 4371 929 4418 vero
951 4349 1152 4436 exterritus,
1175 4372 1300 4422 amens

343 4459 556 4531 Conclamat
574 4458 684 4533 Nisus
704 4487 712 4528 r
742 4485 808 4531 nec
826 4487 863 4533 se
884 4463 994 4532 celare
1017 4462 1171 4534 tenebris

345 4572 534 4673 Amplius,
553 4591 613 4647 aut
629 4592 770 4649 tantum
789 4576 909 4673 potuit
926 4575 1075 4672 perferre
1093 4578 1284 4650 doloremr

1246 4688 1270 4762 S
1286 4714 1302 4765 s
