3750 6217
719 570 873 643 130
1094 530 1984 620 AENEIDOS
2102 536 2437 612 1V.v;

707 710 926 782 Nunc
964 710 1275 780 hiemem
1319 710 1497 779 inter
1537 732 1608 777 se
1643 708 1818 775 luxu
1842 760 1863 795 ‚
1912 728 2131 798 quam
2168 707 2425 804 longa,
2477 700 2553 772 fo
2719 787 2726 795 ,

707 824 1124 921 Regnorum
1161 825 1633 909 inmemores,
1676 823 2015 914 turpique
2052 822 2389 913 cupidine
2425 816 2741 910 capfflffl‘

709 941 906 1011 Haec
946 939 1207 1033 passim
1247 939 1378 1008 dea
1421 937 1634 1009 foeda
1675 937 1910 1006 virum
1950 936 2286 1008 diffundit
2328 938 2402 1006 in
2445 956 2585 1004 urar

712 1056 1042 1126 Protinus
1077 1054 1168 1122 ad
1207 1076 1441 1149 regem
1480 1078 1717 1124 cursus
1755 1052 2131 1146 detorquet
2168 1054 2465 1136 Iarban-3

712 1169 1194 1260 Incenditque
1235 1170 1560 1239 animum
1604 1154 1805 1238 dictis
1833 1223 1852 1256 ,
1902 1186 2115 1260 atque
2156 1186 2429 1265 aggerat
2469 1168 2621 1236 iras⁴

827 1283 1024 1355 Hicc'
1071 1283 1486 1355 Hammone
1531 1303 1759 1371 satus,
1799 1302 1995 1377 rapta
2033 1280 2533 1354 Garamantide
2573 1279 3006 1376 Nympha}

712 1398 1027 1493 Templa
1061 1399 1229 1489 jovi
1265 1418 1557 1470 centum
1602 1399 1758 1468 latis
1802 1398 2115 1468 inmania
2151 1399 2416 1495 regniS‚

715 1516 1030 1585 Centum
1071 1538 1217 1584 aras
1254 1514 1497 1607 posuit
1526 1569 1546 1601 ,
1591 1513 2031 1609 vigilemque
2074 1536 2445 1585 sacraverat
2485 1516 2733 1608 ignem
2761 1568 2789 1604 ‚

717 1626 1067 1702 Excubias
1113 1626 1362 1699 divom
1402 1646 1754 1715 aeterium,
1799 1629 2310 1722 pecudumque
2355 1652 2593 1700 emere

718 1744 991 1842 Pingue
1034 1747 1272 1817 solum
1308 1799 1328 1832 ‚
1377 1762 1446 1814 et
1483 1745 1688 1815 variis
1721 1743 2040 1813 florentia
2086 1745 2334 1813 limina
2377 1744 2585 1814 sertis.

718 1861 938 1953 Isque
985 1884 1232 1930 amens
1270 1860 1538 1946 animi,
1593 1876 1662 1929 et
1700 1881 1984 1928 rumore
2024 1859 2365 1931 adcensus
2399 1884 2633 1928 amaro
2673 1880 2701 1948 ᾗ·

717 1975 997 2048 Dicitur
1035 1993 1197 2045 ante
1238 1999 1426 2061 aras,
1479 1975 1718 2043 media
1761 1975 1937 2044 inter
1976 1975 2275 2043 numina
2313 1972 2553 2044 divam
2585 2028 2605 2060 ,

719 2082 951 2160 Multa
979 2089 1239 2177 Jovem
1281 2090 1613 2158 manibus
1652 2090 1959 2183 supplex
1993 2114 2220 2160 orasse
2256 2089 2529 2182 supinis
2561 2120 2577 2156 ;

827 2204 1162 2298 Juppiter
1205 2205 1676 2297 omnipotens
1711 2258 1730 2290 ,
1784 2203 1897 2273 cui
1947 2218 2138 2274 nuuc
2179 2205 2529 2276 Maurusia
2573 2208 2789 2300 pictiss

724 2318 921 2390 Gens
963 2320 1248 2411 epulata
1286 2321 1458 2390 toris
1501 2318 1861 2389 Lenaeum
1907 2320 2079 2389 libat
2116 2320 2465 2390 honorem
2489 2372 2509 2408 τ,

720 2432 1051 2527 Adspicis
1091 2434 1322 2503 haec?
1373 2459 1462 2503 an
1504 2453 1616 2522 te,
1664 2435 1977 2531 genitor,
2031 2460 2261 2528 quom
2304 2434 2598 2505 fulmina
2642 2456 3011 2531 torque-z,

723 2546 1243 2642 Nequidquam
1278 2549 1652 2620 horremus
1689 2554 1720 2620 ⁰?
1781 2551 2112 2643 caecique
2154 2552 2229 2621 in
2266 2551 2578 2620 nubibus
2617 2552 2821 2648 ignes

724 2662 1140 2734 Terrificant
1178 2665 1462 2735 animos
1494 2720 1514 2753 ,
1568 2681 1638 2735 et
1680 2666 1915 2734 inania
1962 2686 2325 2736 murmura
2367 2666 2668 2738 miscent
2697 2667 2732 2737 i>

723 2774 1022 2850 Femina
1049 2834 1069 2868 ,
1111 2804 1292 2873 quae
1335 2781 1593 2850 nostris
1635 2805 1862 2852 errans
1904 2781 1977 2849 in
2018 2780 2283 2852 finibus
2319 2778 2573 2852 urbem

725 2894 1079 2991 Exiguam
1119 2896 1350 2988 pretio
1389 2896 1665 2988 posuit,
1718 2896 1831 2967 cui
1871 2897 2039 2967 litus
2077 2897 2418 2967 arandum
2445 2950 2467 2986 ,

728 3005 1019 3101 Cuique
1061 3010 1203 3079 loci
1242 3011 1429 3107 leges
1470 3011 1803 3082 dedimus
1831 3066 1851 3100 ‚
1901 3013 2262 3083 connubia
2302 3032 2540 3085 nostra

731 3120 1065 3214 Repulit,
1111 3148 1190 3192 ac
1231 3122 1618 3193 dominum
1656 3124 1946 3195 Aenean
1983 3129 2057 3195 in
2094 3151 2302 3225 regna
2341 3131 2624 3224 recepita

731 3234 825 3307 Et
859 3260 1050 3307 nunc
1087 3237 1205 3305 ille
1248 3236 1436 3307 Paris
1475 3263 1642 3308 cum
1688 3240 2018 3310 semiviro
2062 3245 2441 3333 comitatu,

731 3350 1066 3421 Maeonia
1104 3370 1434 3421 mentum
1475 3354 1680 3447 mitra
1723 3355 2132 3448 crinemque
2169 3359 2583 3431 madentem

731 3463 1091 3540 subnixus
1115 3521 1135 3557 ,
1173 3484 1377 3560 rapto
1423 3468 1714 3561 potitur.
1798 3493 1935 3540 nos
1970 3496 2259 3542 munera
2300 3477 2591 3568 templis

734 3581 1037 3688 Quippe
1077 3583 1217 3656 tuis
1255 3581 1580 3671 ferimus,
1627 3581 2043 3677 famamque
2084 3585 2412 3660 fovemus
2454 3592 2761 3662 inanem.

848 3698 1151 3771 Talibus
1193 3718 1511 3771 orantem
1559 3698 1763 3769 dictis
1788 3754 1807 3787 ‚
1861 3724 2151 3795 arasque
2188 3723 2549 3775 tenentem

734 3809 985 3885 Audiit
1021 3814 1488 3905 omnipotens
1511 3867 1532 3901 ‚
1577 3814 1973 3907 oculosque
2021 3818 2113 3887 ad
2152 3820 2443 3889 moenia
2478 3823 2682 3894 torsit
